,Unnamed: 0,Unnamed: 0.1,Unnamed: 0.1.1,Unnamed: 0.1.1.1,Unnamed: 0.1.1.1.1,Unnamed: 0.1.1.1.1.1,Unnamed: 0.1.1.1.1.1.1,Unnamed: 0.1.1.1.1.1.1.1,Unnamed: 0.1.1.1.1.1.1.1.1,Unnamed: 0.1.1.1.1.1.1.1.1.1,Unnamed: 0.1.1.1.1.1.1.1.1.1.1,Unnamed: 0.1.1.1.1.1.1.1.1.1.1.1,a1,a2,a3,a4,a5,aq1,aq2,aq3,aq4,aq5,b1,b2,b3,b4,b5,bq1,bq2,bq3,bq4,bq5,future_price_10,order_date_time,trade_px,trade_volume,trade_volume_buys,trade_volume_sells,trades_date_time,update_type
0,0.0,0.0,0.0,0.0,1.0,1.0,1.0,1.0,1.0,1.0,1.0,1.0,863.81,863.82,863.83,863.84,863.85,0.010997,0.016782,0.020255,0.010993,0.010997,863.75,863.66,863.65,863.64,863.63,0.6,51.43,1.59173356,0.151374,3.23265442,863.8,,863.8,0.5954,0.5954,0.5954,2018-03-04T20:06:28.550Z,buy
1,1.0,1.0,1.0,1.0,2.0,2.0,2.0,2.0,2.0,2.0,2.0,2.0,863.81,863.82,863.83,863.84,863.85,0.010997,0.016782,0.020255,0.010993,0.010997,863.78,863.75,863.67,863.65,863.64,2.5,0.6,0.3,1.59173356,0.151374,863.79,,863.79,6.35,6.35,6.35,2018-03-04T20:06:31.240Z,sell
2,2.0,2.0,2.0,2.0,3.0,3.0,3.0,3.0,3.0,3.0,3.0,3.0,863.81,863.82,863.83,863.84,863.85,0.010997,0.016782,0.020255,0.010993,0.010997,863.78,863.75,863.67,863.65,863.64,2.5,0.6,0.3,1.59173356,0.151374,863.79,,863.79,0.1871,0.1871,0.1871,2018-03-04T20:06:40.891Z,sell
3,3.0,3.0,3.0,3.0,4.0,4.0,4.0,4.0,4.0,4.0,4.0,4.0,863.81,863.82,863.83,863.84,863.85,0.010997,0.016782,0.020255,0.010993,0.010997,863.78,863.75,863.67,863.65,863.64,2.5,0.6,0.3,1.59173356,0.151374,863.79,,863.79,0.2195,0.2195,0.2195,2018-03-04T20:06:41.994Z,sell
4,4.0,4.0,4.0,4.0,5.0,5.0,5.0,5.0,5.0,5.0,5.0,5.0,863.81,863.82,863.84,863.85,863.86,0.010997,0.016782,0.016784,0.021412,0.010994,863.78,863.75,863.67,863.65,863.64,2.5,0.6,0.3,1.59173356,0.151374,863.8,,863.8,2.0001,2.0001,2.0001,2018-03-04T20:06:52.678Z,buy
5,5.0,5.0,5.0,5.0,6.0,6.0,6.0,6.0,6.0,6.0,6.0,6.0,863.81,863.82,863.83,863.84,863.85,0.010994,0.010997,0.016782,0.016784,0.021412,863.78,863.75,863.67,863.65,863.64,2.5,0.6,0.3,0.01,0.151374,863.8,,863.8,5.1282,5.1282,5.1282,2018-03-04T20:07:04.287Z,buy
6,6.0,6.0,6.0,6.0,7.0,7.0,7.0,7.0,7.0,7.0,7.0,7.0,864.0,864.04,864.1,864.11,864.19,22.47128653,0.1,1.0,5.01,0.1,863.79,863.78,863.75,863.67,863.66,23.53377266,2.5,0.62247428,0.3,3.8,863.94,,863.94,0.1,0.1,0.1,2018-03-04T20:07:15.802Z,sell
7,7.0,7.0,7.0,7.0,8.0,8.0,8.0,8.0,8.0,8.0,8.0,8.0,863.96,863.97,863.98,863.99,864.0,0.010994,0.03993,0.020252000000000003,0.010992,22.10128653,863.79,863.78,863.75,863.67,863.66,23.22046439,2.5,1.02434581,0.3,3.8,863.95,,863.95,1.6034,1.6034,1.6034,2018-03-04T20:07:29.116Z,buy
8,8.0,8.0,8.0,8.0,9.0,9.0,9.0,9.0,9.0,9.0,9.0,9.0,864.04,864.1,864.11,864.19,864.23,0.1,1.0,5.01,0.1,0.0572,863.95,863.94,863.79,863.78,863.75,5.4,21.64004351,23.22046439,2.51,1.01434581,863.95,,863.95,0.016782,0.016782,0.016782,2018-03-04T20:07:33.425Z,buy
9,9.0,9.0,9.0,9.0,10.0,10.0,10.0,10.0,10.0,10.0,10.0,10.0,864.04,864.1,864.11,864.19,864.23,0.1,1.0,5.01,0.1,0.0572,863.95,863.94,863.79,863.78,863.75,5.4,19.9,23.23046439,2.5,1.01434581,864.0,,864.0,3.60676289,3.60676289,3.60676289,2018-03-04T20:07:33.425Z,buy
10,10.0,10.0,10.0,10.0,11.0,11.0,11.0,11.0,11.0,11.0,11.0,11.0,864.01,864.02,864.03,864.04,864.1,0.035298,0.010992,0.014465,0.1,1.0,863.95,863.94,863.79,863.78,863.75,5.4,19.9,23.23046439,2.5,0.41434581,863.99,,863.99,0.7623,0.7623,0.7623,2018-03-04T20:07:40.296Z,sell
11,11.0,11.0,11.0,11.0,12.0,12.0,12.0,12.0,12.0,12.0,12.0,12.0,864.01,864.02,864.03,864.04,864.1,0.035298,0.010992,0.014465,0.1,1.0,863.94,863.88,863.79,863.78,863.75,19.9,1.8,20.02159124,2.5,0.41434581,863.99,,863.99,2.8798,2.8798,2.8798,2018-03-04T20:07:51.171Z,sell
12,12.0,12.0,12.0,12.0,13.0,13.0,13.0,13.0,13.0,13.0,13.0,13.0,864.01,864.02,864.03,864.04,864.1,0.035298,0.010992,0.014465,0.1,1.0,863.94,863.88,863.79,863.78,863.75,19.9,4.4,20.02159124,2.5,0.41434581,863.99,,863.99,0.05,0.05,0.05,2018-03-04T20:07:58.182Z,sell
13,13.0,13.0,13.0,13.0,14.0,14.0,14.0,14.0,14.0,14.0,14.0,14.0,864.01,864.02,864.03,864.04,864.1,0.035298,0.010992,0.014465,0.1,1.0,863.79,863.78,863.75,863.7,863.64,0.02159124,2.5,0.41434581,0.0321,0.151374,863.99,,863.99,2.93914086,2.93914086,2.93914086,2018-03-04T20:08:03.773Z,sell
14,14.0,14.0,14.0,14.0,15.0,15.0,15.0,15.0,15.0,15.0,15.0,15.0,864.01,864.02,864.03,864.04,864.1,0.035298,0.010992,0.014465,0.1,1.0,863.79,863.78,863.75,863.7,863.64,0.02159124,2.5,0.41434581,0.0321,0.151374,864.0,,864.0,0.08654591,0.08654591,0.08654591,2018-03-04T20:08:05.141Z,buy
15,15.0,15.0,15.0,15.0,16.0,16.0,16.0,16.0,16.0,16.0,16.0,16.0,864.01,864.02,864.03,864.04,864.1,0.035298,0.010992,0.014465,0.1,1.0,863.79,863.78,863.75,863.7,863.64,0.02159124,2.5,0.41434581,0.0321,0.151374,864.0,,864.0,0.34618367,0.34618367,0.34618367,2018-03-04T20:08:08.791Z,buy
16,16.0,16.0,16.0,16.0,17.0,17.0,17.0,17.0,17.0,17.0,17.0,17.0,864.01,864.03,864.04,864.1,864.11,0.022568,0.020251,0.1,1.0,5.01,863.79,863.78,863.75,863.7,863.64,0.02159124,2.5,0.41434581,0.0321,0.151374,863.99,,863.99,1.2734,1.2734,1.2734,2018-03-04T20:08:15.700Z,sell
17,17.0,17.0,17.0,17.0,18.0,18.0,18.0,18.0,18.0,18.0,18.0,18.0,864.01,864.02,864.03,864.04,864.1,0.01678,0.022566,0.010993,0.1,1.0,863.81,863.79,863.78,863.75,863.7,0.01,0.01159124,2.5,0.41434581,0.0321,864.0,,864.0,0.29592349,0.29592349,0.29592349,2018-03-04T20:08:22.588Z,buy
18,18.0,18.0,18.0,18.0,19.0,19.0,19.0,19.0,19.0,19.0,19.0,19.0,864.01,864.02,864.03,864.04,864.1,0.01678,0.021409,0.010993,0.1,1.0,863.93,863.79,863.78,863.75,863.7,0.01,0.01159124,2.5,0.41434581,0.0321,864.0,,864.0,0.010992,0.010992,0.010992,2018-03-04T20:08:27.289Z,buy
19,19.0,19.0,19.0,19.0,20.0,20.0,20.0,20.0,20.0,20.0,20.0,20.0,864.01,864.02,864.03,864.04,864.1,0.01678,0.021409,0.010993,0.1,1.0,863.93,863.79,863.78,863.75,863.7,0.01,0.01159124,2.5,0.41434581,0.0321,864.0,,864.0,5.38630057,5.38630057,5.38630057,2018-03-04T20:08:27.289Z,buy
20,20.0,20.0,20.0,20.0,21.0,21.0,21.0,21.0,21.0,21.0,21.0,21.0,864.01,864.02,864.03,864.04,864.05,0.01678,0.021409,0.010993,0.1,0.05016059,863.93,863.78,863.75,863.7,863.64,0.01,2.5,0.41434581,0.0321,0.151374,863.99,,863.99,0.2266,0.2266,0.2266,2018-03-04T20:08:38.634Z,sell
21,21.0,21.0,21.0,21.0,22.0,22.0,22.0,22.0,22.0,22.0,22.0,22.0,864.01,864.02,864.03,864.04,864.05,0.01678,0.021409,0.010993,0.1,0.05016059,863.93,863.78,863.75,863.7,863.64,0.01,2.5,0.41434581,0.0321,0.151374,863.99,,863.99,0.24439047,0.24439047,0.24439047,2018-03-04T20:08:38.634Z,sell
22,22.0,22.0,22.0,22.0,23.0,23.0,23.0,23.0,23.0,23.0,23.0,23.0,864.01,864.02,864.03,864.04,864.05,0.012151,0.015622,0.015623,0.1,0.05016059,863.95,863.89,863.78,863.75,863.7,1.619,0.01,2.5,0.41434581,0.0321,863.99,,863.99,0.3720000000000001,0.3720000000000001,0.3720000000000001,2018-03-04T20:08:50.805Z,sell
23,23.0,23.0,23.0,23.0,24.0,24.0,24.0,24.0,24.0,24.0,24.0,24.0,864.01,864.02,864.03,864.04,864.05,0.010993,0.012149,0.010992,0.1,0.05016059,863.95,863.89,863.78,863.75,863.7,1.619,0.01,2.5,0.41434581,0.0321,863.99,,863.99,0.00349047,0.00349047,0.00349047,2018-03-04T20:09:03.602Z,sell
24,24.0,24.0,24.0,24.0,25.0,25.0,25.0,25.0,25.0,25.0,25.0,25.0,864.01,864.02,864.03,864.04,864.05,0.015622,0.035296,0.017937,0.1,0.05016059,863.96,863.95,863.78,863.75,863.7,46.66,1.619,2.51,0.41434581,0.0321,864.0,,864.0,0.4804,0.4804,0.4804,2018-03-04T20:09:16.506Z,buy
25,25.0,25.0,25.0,25.0,26.0,26.0,26.0,26.0,26.0,26.0,26.0,26.0,864.01,864.03,864.04,864.05,864.1,0.010994,0.014466,0.1,0.05016059,6.4,863.95,863.8,863.78,863.75,863.7,1.619,0.01,2.5,0.41434581,0.0321,864.0,,864.0,0.30353757,0.30353757,0.30353757,2018-03-04T20:09:27.820Z,buy
26,26.0,26.0,26.0,26.0,27.0,27.0,27.0,27.0,27.0,27.0,27.0,27.0,864.01,864.02,864.03,864.04,864.05,0.010994,0.010992,0.014466,0.1,0.05016059,863.95,863.9,863.78,863.75,863.7,1.619,0.01,2.5,0.41434581,0.0321,864.0,,864.0,0.13683757,0.13683757,0.13683757,2018-03-04T20:09:52.386Z,buy
27,27.0,27.0,27.0,27.0,28.0,28.0,28.0,28.0,28.0,28.0,28.0,28.0,864.12,864.14,864.15,864.19,864.5,0.1,0.0815,0.174,0.1,0.38,863.99,863.95,863.9,863.78,863.75,40.20059809,1.619,0.02,2.5,0.41434581,864.02,,864.02,0.010992,0.010992,0.010992,2018-03-04T20:10:05.385Z,buy
28,28.0,28.0,28.0,28.0,29.0,29.0,29.0,29.0,29.0,29.0,29.0,29.0,864.12,864.14,864.15,864.19,864.23,0.1,0.0815,0.174,0.1,0.2555,864.0,863.99,863.95,863.9,863.78,42.13,40.20059809,1.619,0.02,2.5,864.11,,864.11,0.50857097,0.50857097,0.50857097,2018-03-04T20:10:05.385Z,buy
29,29.0,29.0,29.0,29.0,30.0,30.0,30.0,30.0,30.0,30.0,30.0,30.0,864.12,864.14,864.15,864.19,864.23,0.1,0.1125,0.2308,0.1,0.2865,863.99,863.95,863.9,863.78,863.75,41.44259809,1.619,0.02,2.5,0.41434581,864.1,,864.1,0.0698,0.0698,0.0698,2018-03-04T20:10:18.720Z,sell
30,30.0,30.0,30.0,30.0,31.0,31.0,31.0,31.0,31.0,31.0,31.0,31.0,864.12,864.14,864.15,864.19,864.23,0.1,0.1125,0.2308,0.1,0.2865,864.0,863.99,863.95,863.78,863.75,49.15,41.36608856,1.619,2.5,0.39187153,864.11,,864.11,0.20121095,0.20121095,0.20121095,2018-03-04T20:10:28.138Z,buy
31,31.0,31.0,31.0,31.0,32.0,32.0,32.0,32.0,32.0,32.0,32.0,32.0,864.12,864.14,864.15,864.19,864.23,0.1,0.1125,0.2308,0.1,0.2865,864.0,863.99,863.95,863.78,863.75,49.15,41.36608856,1.619,2.5,0.39187153,864.11,,864.11,0.9613,0.9613,0.9613,2018-03-04T20:10:29.521Z,buy
32,32.0,32.0,32.0,32.0,33.0,33.0,33.0,33.0,33.0,33.0,33.0,33.0,864.12,864.14,864.15,864.19,864.23,0.1,0.1125,0.2308,0.1,0.2865,864.04,864.0,863.99,863.95,863.78,0.01,49.04197581,20.0125,1.619,2.5,864.11,,864.11,0.57689933,0.57689933,0.57689933,2018-03-04T20:10:48.705Z,buy
33,33.0,33.0,33.0,33.0,34.0,34.0,34.0,34.0,34.0,34.0,34.0,34.0,864.12,864.14,864.15,864.19,864.23,0.1,0.1125,0.2308,0.1,0.2865,864.04,864.0,863.99,863.95,863.78,0.01,49.04197581,20.0125,1.619,2.5,864.11,,864.11,0.0804,0.0804,0.0804,2018-03-04T20:10:52.540Z,buy
34,34.0,34.0,34.0,34.0,35.0,35.0,35.0,35.0,35.0,35.0,35.0,35.0,864.12,864.14,864.15,864.19,864.23,0.1,0.1125,0.2308,0.1,0.2865,863.99,863.95,863.78,863.75,863.7,20.0125,1.619,2.5,0.39187153,0.0321,864.11,,864.11,4.07002525,4.07002525,4.07002525,2018-03-04T20:11:03.150Z,buy
35,35.0,35.0,35.0,35.0,36.0,36.0,36.0,36.0,36.0,36.0,36.0,36.0,864.12,864.14,864.15,864.19,864.23,0.1,0.1125,0.2308,0.1,0.2865,864.01,864.0,863.99,863.95,863.87,48.95,0.43197581,20.0125,1.619,0.01,864.11,,864.11,2.88449668,2.88449668,2.88449668,2018-03-04T20:11:05.794Z,buy
36,36.0,36.0,36.0,36.0,37.0,37.0,37.0,37.0,37.0,37.0,37.0,37.0,864.12,864.14,864.15,864.19,864.23,0.1,0.1125,0.2308,0.1,0.2865,864.02,864.01,863.99,863.95,863.87,47.57,0.43197081,20.0125,1.619,0.01,864.11,,864.11,4.41499229,4.41499229,4.41499229,2018-03-04T20:11:14.295Z,buy
37,37.0,37.0,37.0,37.0,38.0,38.0,38.0,38.0,38.0,38.0,38.0,38.0,864.12,864.14,864.15,864.19,864.23,0.1,0.1125,0.2308,0.1,0.2865,864.07,864.0,863.99,863.95,863.87,0.43194081,41.1,20.0125,1.619,0.01,864.11,,864.11,0.019855,0.019855,0.019855,2018-03-04T20:11:15.993Z,buy
38,38.0,38.0,38.0,38.0,39.0,39.0,39.0,39.0,39.0,39.0,39.0,39.0,864.14,864.15,864.19,864.23,864.24,0.1125,0.2308,0.1,0.2865,0.0568,864.1,864.05,863.99,863.95,863.78,2.32760942,0.04246301,20.0125,1.619,2.5,864.12,,864.12,0.032279,0.032279,0.032279,2018-03-04T20:11:29.938Z,buy
39,39.0,39.0,39.0,39.0,40.0,40.0,40.0,40.0,40.0,40.0,40.0,40.0,864.13,864.14,864.15,864.19,864.23,0.110992,0.1125,0.2308,0.1,0.2865,864.1,863.99,863.95,863.78,863.75,2.31602234,20.0125,0.034,2.5,0.39187153,864.11,,864.11,0.6009,0.6009,0.6009,2018-03-04T20:11:42.576Z,sell
40,40.0,40.0,40.0,40.0,41.0,41.0,41.0,41.0,41.0,41.0,41.0,41.0,864.13,864.14,864.15,864.19,864.23,0.110992,0.1125,0.2308,0.1,0.2865,864.1,863.99,863.95,863.91,863.78,2.31848289,20.0125,0.034,0.01,2.5,864.12,,864.12,0.01398701,0.01398701,0.01398701,2018-03-04T20:11:51.471Z,buy
41,41.0,41.0,41.0,41.0,42.0,42.0,42.0,42.0,42.0,42.0,42.0,42.0,864.13,864.14,864.15,864.19,864.23,0.110992,0.1125,0.2308,0.1,0.2865,864.1,863.99,863.95,863.91,863.78,2.31848289,20.0125,0.034,0.01,2.5,864.12,,864.12,0.95213801,0.95213801,0.95213801,2018-03-04T20:11:54.970Z,buy
42,42.0,42.0,42.0,42.0,43.0,43.0,43.0,43.0,43.0,43.0,43.0,43.0,864.63,864.64,864.67,864.7,864.71,0.1,0.0703,1.0,0.01,0.4254,864.52,864.25,864.23,864.19,864.13,0.01,0.02,1.8,0.02,2.04,864.61,,864.61,0.0568,0.0568,0.0568,2018-03-04T20:12:05.458Z,buy
43,43.0,43.0,43.0,43.0,44.0,44.0,44.0,44.0,44.0,44.0,44.0,44.0,864.63,864.64,864.67,864.7,864.71,0.1,0.0703,1.0,0.01,0.4254,864.52,864.25,864.23,864.19,864.16,0.01,0.02,1.8,0.02,52.7,864.61,,864.61,1.929277,1.929277,1.929277,2018-03-04T20:12:05.458Z,buy
44,44.0,44.0,44.0,44.0,45.0,45.0,45.0,45.0,45.0,45.0,45.0,45.0,864.63,864.64,864.67,864.71,864.72,0.1,0.0703,1.0,0.4254,1.0,864.41,864.25,864.23,864.19,864.17,0.01,0.02,1.8,0.02,45.68,864.61,,864.61,1.04122864,1.04122864,1.04122864,2018-03-04T20:12:17.510Z,sell
45,45.0,45.0,45.0,45.0,46.0,46.0,46.0,46.0,46.0,46.0,46.0,46.0,864.63,864.64,864.67,864.71,864.72,0.1,0.0703,1.0,0.4254,1.0,864.41,864.25,864.23,864.19,864.15,0.01,0.02,1.8,0.02,53.44,864.61,,864.61,0.5754,0.5754,0.5754,2018-03-04T20:12:19.303Z,sell
46,46.0,46.0,46.0,46.0,47.0,47.0,47.0,47.0,47.0,47.0,47.0,47.0,864.63,864.64,864.67,864.71,864.72,0.1,0.0703,1.0,0.4254,1.0,864.6,864.41,864.25,864.19,864.15,0.745,0.01,0.02,0.02,46.78,864.61,,864.61,0.070854,0.070854,0.070854,2018-03-04T20:12:31.283Z,sell
47,47.0,47.0,47.0,47.0,48.0,48.0,48.0,48.0,48.0,48.0,48.0,48.0,864.63,864.64,864.67,864.71,864.72,0.1,0.0703,1.0,0.4254,1.1,864.6,864.41,864.25,864.19,864.13,0.745,0.01,0.02,0.02,0.02351479,864.62,,864.62,0.139,0.139,0.139,2018-03-04T20:12:43.222Z,buy
48,48.0,48.0,48.0,48.0,49.0,49.0,49.0,49.0,49.0,49.0,49.0,49.0,864.63,864.64,864.67,864.71,864.72,0.1,0.0703,1.0,0.4254,1.1,864.6,864.41,864.25,864.19,864.13,0.745,0.01,0.02,0.02,0.02351479,864.62,,864.62,1.651893,1.651893,1.651893,2018-03-04T20:12:55.641Z,buy
49,49.0,49.0,49.0,49.0,50.0,50.0,50.0,50.0,50.0,50.0,50.0,50.0,864.63,864.64,864.67,864.71,864.72,0.1,0.0703,1.0,0.4254,1.1,864.6,864.41,864.19,864.13,864.11,0.745,0.01,0.01,0.02351479,0.01,864.62,,864.62,0.6046,0.6046,0.6046,2018-03-04T20:13:07.339Z,buy
50,50.0,50.0,50.0,50.0,51.0,51.0,51.0,51.0,51.0,51.0,51.0,51.0,864.63,864.64,864.67,864.71,864.72,0.1,0.0703,1.0,0.4254,1.1,864.6,864.41,864.13,864.11,864.1,0.745,0.01,0.02351479,0.01,2.1645,864.61,,864.61,0.234,0.234,0.234,2018-03-04T20:13:15.165Z,sell
51,51.0,51.0,51.0,51.0,52.0,52.0,52.0,52.0,52.0,52.0,52.0,52.0,864.63,864.64,864.67,864.71,864.72,0.1,0.0703,1.0,0.4254,1.1,864.6,864.41,864.13,864.11,864.1,0.745,0.01,0.02351479,0.01,2.1645,864.62,,864.62,2.0014,2.0014,2.0014,2018-03-04T20:13:18.322Z,buy
52,52.0,52.0,52.0,52.0,53.0,53.0,53.0,53.0,53.0,53.0,53.0,53.0,864.63,864.64,864.67,864.71,864.72,0.1,0.0703,1.0,0.4254,1.1,864.6,864.33,864.13,864.11,864.1,0.745,0.01,0.02351479,55.4,2.1645,864.62,,864.62,1.4447,1.4447,1.4447,2018-03-04T20:13:29.877Z,buy
53,53.0,53.0,53.0,53.0,54.0,54.0,54.0,54.0,54.0,54.0,54.0,54.0,864.63,864.64,864.67,864.71,864.72,0.1,0.0703,1.0,0.4254,1.1,864.21,864.13,864.12,864.11,864.1,0.01,0.02351479,44.52,49.54,2.1645,864.61,,864.61,1.55590334,1.55590334,1.55590334,2018-03-04T20:13:41.284Z,sell
54,54.0,54.0,54.0,54.0,55.0,55.0,55.0,55.0,55.0,55.0,55.0,55.0,864.63,864.64,864.67,864.71,864.72,0.1,0.0703,1.0,0.4254,1.1,864.21,864.13,864.12,864.11,864.1,0.01,0.02351479,44.52,49.54,2.1645,864.62,,864.62,0.029,0.029,0.029,2018-03-04T20:13:44.124Z,buy
55,55.0,55.0,55.0,55.0,56.0,56.0,56.0,56.0,56.0,56.0,56.0,56.0,864.63,864.64,864.67,864.71,864.72,0.1,0.0703,1.0,0.4254,1.11,864.2,864.15,864.14,864.13,864.11,0.01,47.83,47.75,1.82351479,0.01,864.61,,864.61,1.27107383,1.27107383,1.27107383,2018-03-04T20:13:50.718Z,sell
56,56.0,56.0,56.0,56.0,57.0,57.0,57.0,57.0,57.0,57.0,57.0,57.0,864.63,864.64,864.67,864.71,864.72,0.1,0.0703,1.0,0.4254,1.1,864.21,864.15,864.14,864.13,864.11,0.01,47.83,47.75,1.82351479,0.01,864.61,,864.61,0.15,0.15,0.15,2018-03-04T20:13:51.681Z,sell
57,57.0,57.0,57.0,57.0,58.0,58.0,58.0,58.0,58.0,58.0,58.0,58.0,864.63,864.64,864.67,864.71,864.72,0.1,0.0703,1.0,0.4254,1.1,864.26,864.22,864.13,864.11,864.1,0.01,55.83,1.82351479,0.01,2.1645,864.62,,864.62,0.6185,0.6185,0.6185,2018-03-04T20:13:53.191Z,buy
58,58.0,58.0,58.0,58.0,59.0,59.0,59.0,59.0,59.0,59.0,59.0,59.0,864.63,864.64,864.67,864.71,864.72,0.1,0.0703,1.0,0.4254,1.1,864.41,864.13,864.11,864.1,864.09,0.01,1.82351479,0.01,2.1645,3.01,864.61,,864.61,1.0,1.0,1.0,2018-03-04T20:14:02.926Z,sell
59,59.0,59.0,59.0,59.0,60.0,60.0,60.0,60.0,60.0,60.0,60.0,60.0,864.63,864.64,864.67,864.71,864.72,0.1,0.0703,1.0,0.4254,1.1,864.41,864.13,864.11,864.1,864.09,0.01,1.82351479,0.01,2.1645,3.01,864.61,,864.61,1.88367717,1.88367717,1.88367717,2018-03-04T20:14:04.329Z,sell
60,60.0,60.0,60.0,60.0,61.0,61.0,61.0,61.0,61.0,61.0,61.0,61.0,864.63,864.64,864.67,864.71,864.72,0.1,0.0703,1.0,0.4254,1.1,864.41,864.13,864.11,864.1,864.09,0.01,0.02351479,0.01,2.1645,3.01,864.62,,864.62,11.53118101,11.53118101,11.53118101,2018-03-04T20:14:09.808Z,buy
61,61.0,61.0,61.0,61.0,62.0,62.0,62.0,62.0,62.0,62.0,62.0,62.0,864.63,864.64,864.67,864.71,864.72,0.1,0.0703,1.0,0.4254,1.1,864.41,864.13,864.11,864.1,864.09,0.01,0.02351479,0.01,2.1645,3.01,864.61,,864.61,0.7105,0.7105,0.7105,2018-03-04T20:14:16.560Z,sell
62,62.0,62.0,62.0,62.0,63.0,63.0,63.0,63.0,63.0,63.0,63.0,63.0,864.63,864.64,864.67,864.71,864.72,0.1,0.0703,1.0,0.4254,1.1,864.41,864.13,864.11,864.1,864.09,0.01,0.02351479,0.01,2.1645,3.01,864.62,,864.62,0.17301383,0.17301383,0.17301383,2018-03-04T20:14:29.881Z,buy
63,63.0,63.0,63.0,63.0,64.0,64.0,64.0,64.0,64.0,64.0,64.0,64.0,864.63,864.67,864.71,864.72,864.76,0.1,1.0,0.4254,1.1,0.0815,864.6,864.41,864.13,864.11,864.1,5.0,0.01,0.02351479,0.01,2.1645,864.62,,864.62,0.016768,0.016768,0.016768,2018-03-04T20:14:40.312Z,buy
64,64.0,64.0,64.0,64.0,65.0,65.0,65.0,65.0,65.0,65.0,65.0,65.0,864.63,864.67,864.71,864.72,864.76,0.1,1.0,0.4254,1.1,0.0815,864.6,864.41,864.13,864.11,864.1,5.0,0.01,0.02351479,0.01,2.1645,864.62,,864.62,0.29200084,0.29200084,0.29200084,2018-03-04T20:14:40.313Z,buy
65,65.0,65.0,65.0,65.0,66.0,66.0,66.0,66.0,66.0,66.0,66.0,66.0,864.63,864.67,864.71,864.72,864.78,0.1,1.0,0.4254,1.1,0.3378,864.6,864.41,864.13,864.11,864.1,5.0,0.01,0.02351479,0.01,2.1645,864.62,,864.62,0.11531181,0.11531181,0.11531181,2018-03-04T20:14:47.260Z,buy
66,66.0,66.0,66.0,66.0,67.0,67.0,67.0,67.0,67.0,67.0,67.0,67.0,864.63,864.67,864.71,864.72,864.78,0.1,1.0,0.4254,1.1,0.25,864.6,864.59,864.41,864.13,864.11,5.0,3.0,0.01,0.02351479,0.01,864.62,,864.62,2.0378,2.0378,2.0378,2018-03-04T20:14:52.149Z,buy
67,67.0,67.0,67.0,67.0,68.0,68.0,68.0,68.0,68.0,68.0,68.0,68.0,864.63,864.66,864.67,864.71,864.72,0.1,0.013299,1.0,0.4254,1.1,864.6,864.59,864.41,864.24,864.17,5.0,3.0,0.01,0.4514,0.0282,864.62,,864.62,0.054000000000000006,0.054000000000000006,0.054000000000000006,2018-03-04T20:15:04.279Z,buy
68,68.0,68.0,68.0,68.0,69.0,69.0,69.0,69.0,69.0,69.0,69.0,69.0,864.63,864.66,864.67,864.71,864.72,0.1,0.013299,1.0,0.4254,1.1,864.6,864.59,864.5,864.41,864.24,0.54,3.0,1.59597336,0.01,2.033,864.62,,864.62,30.2859,30.2859,30.2859,2018-03-04T20:15:15.143Z,buy
69,69.0,69.0,69.0,69.0,70.0,70.0,70.0,70.0,70.0,70.0,70.0,70.0,864.63,864.67,864.71,864.72,864.76,0.1,1.0,0.4254,1.1,0.0331,864.6,864.59,864.5,864.41,864.24,0.54,3.0,1.59597336,0.01,2.033,864.61,,864.61,4.5617,4.5617,4.5617,2018-03-04T20:15:26.363Z,sell
70,70.0,70.0,70.0,70.0,71.0,71.0,71.0,71.0,71.0,71.0,71.0,71.0,864.63,864.67,864.71,864.72,864.76,0.1,1.0,0.4254,1.1,0.0331,864.6,864.59,864.5,864.41,864.24,0.54,3.0,1.59597336,0.01,2.033,864.61,,864.61,0.45459512,0.45459512,0.45459512,2018-03-04T20:15:32.931Z,sell
71,71.0,71.0,71.0,71.0,72.0,72.0,72.0,72.0,72.0,72.0,72.0,72.0,864.63,864.67,864.71,864.72,864.76,0.1,1.0,0.4254,1.1,0.0331,864.6,864.59,864.5,864.41,864.24,0.54,3.0,1.59597336,0.01,2.033,864.62,,864.62,2.5723,2.5723,2.5723,2018-03-04T20:15:38.391Z,buy
72,72.0,72.0,72.0,72.0,73.0,73.0,73.0,73.0,73.0,73.0,73.0,73.0,864.63,864.67,864.71,864.72,864.76,0.1,1.0,0.4254,1.1,0.0331,864.6,864.59,864.5,864.4,864.24,0.54,3.0,1.59597336,0.01,2.033,864.61,,864.61,1.25881989,1.25881989,1.25881989,2018-03-04T20:15:49.810Z,sell
73,73.0,73.0,73.0,73.0,74.0,74.0,74.0,74.0,74.0,74.0,74.0,74.0,864.63,864.67,864.71,864.72,864.76,0.1,1.0,0.4254,1.1,0.0331,864.6,864.59,864.5,864.4,864.24,0.54,3.0,1.59597336,0.01,2.033,864.62,,864.62,12.0,12.0,12.0,2018-03-04T20:15:56.107Z,buy
74,74.0,74.0,74.0,74.0,75.0,75.0,75.0,75.0,75.0,75.0,75.0,75.0,864.63,864.67,864.71,864.72,864.76,0.1,1.0,0.4254,1.1,0.0331,864.6,864.59,864.5,864.41,864.24,0.54,3.0,1.59597336,0.01,2.033,864.61,,864.61,0.7999,0.7999,0.7999,2018-03-04T20:16:02.346Z,sell
75,75.0,75.0,75.0,75.0,76.0,76.0,76.0,76.0,76.0,76.0,76.0,76.0,864.63,864.67,864.71,864.72,864.76,0.1,1.0,0.4254,1.1,0.0331,864.6,864.59,864.5,864.4,864.24,0.54,3.0,1.59597336,0.01,2.033,864.62,,864.62,0.1917,0.1917,0.1917,2018-03-04T20:16:13.162Z,buy
76,76.0,76.0,76.0,76.0,77.0,77.0,77.0,77.0,77.0,77.0,77.0,77.0,864.63,864.67,864.71,864.72,864.76,0.1,1.0,0.4254,1.1,0.0331,864.6,864.59,864.5,864.41,864.24,0.54,3.0,1.59597336,0.01,2.033,864.62,,864.62,1.5682,1.5682,1.5682,2018-03-04T20:16:24.673Z,buy
77,77.0,77.0,77.0,77.0,78.0,78.0,78.0,78.0,78.0,78.0,78.0,78.0,864.63,864.67,864.71,864.72,864.76,0.1,1.0,0.4254,1.1,0.0331,864.6,864.59,864.5,864.41,864.24,0.54,3.0,1.59597336,0.01,2.033,864.62,,864.62,0.6581,0.6581,0.6581,2018-03-04T20:16:36.136Z,buy
78,78.0,78.0,78.0,78.0,79.0,79.0,79.0,79.0,79.0,79.0,79.0,79.0,864.63,864.67,864.71,864.72,864.76,0.1,1.0,0.4254,1.1,0.0331,864.6,864.59,864.5,864.4,864.24,0.54,3.0,1.59597336,0.01,2.033,864.62,,864.62,1.2516,1.2516,1.2516,2018-03-04T20:16:47.776Z,buy
79,79.0,79.0,79.0,79.0,80.0,80.0,80.0,80.0,80.0,80.0,80.0,80.0,864.63,864.67,864.71,864.72,864.76,0.1,1.0,0.4254,1.1,0.0331,864.6,864.59,864.5,864.4,864.24,0.54,3.0,1.59597336,0.01,2.033,864.62,,864.62,1.3343,1.3343,1.3343,2018-03-04T20:16:59.142Z,buy
80,80.0,80.0,80.0,80.0,81.0,81.0,81.0,81.0,81.0,81.0,81.0,81.0,864.63,864.67,864.71,864.72,864.76,0.1,1.0,0.4254,1.1,0.0331,864.6,864.59,864.5,864.4,864.24,0.54,3.0,1.59597336,0.01,2.033,864.62,,864.62,9.6911,9.6911,9.6911,2018-03-04T20:17:11.267Z,buy
81,81.0,81.0,81.0,81.0,82.0,82.0,82.0,82.0,82.0,82.0,82.0,82.0,864.63,864.67,864.71,864.72,864.76,0.1,1.0,0.4254,1.1,0.0331,864.6,864.5,864.41,864.24,864.2,0.54,1.59597336,0.01,2.033,1.4861,864.62,,864.62,0.1944,0.1944,0.1944,2018-03-04T20:17:23.885Z,buy
82,82.0,82.0,82.0,82.0,83.0,83.0,83.0,83.0,83.0,83.0,83.0,83.0,864.63,864.67,864.71,864.72,864.76,0.1,1.0,0.4254,1.1,0.0331,864.6,864.5,864.4,864.27,864.26,0.54,1.59597336,0.01,0.43184086,47.5,864.61,,864.61,0.2957,0.2957,0.2957,2018-03-04T20:17:35.710Z,sell
83,83.0,83.0,83.0,83.0,84.0,84.0,84.0,84.0,84.0,84.0,84.0,84.0,864.63,864.67,864.71,864.72,864.76,0.1,1.0,0.4254,1.1,0.0331,864.6,864.5,864.42,864.24,864.2,0.54,1.59597336,0.01,2.033,1.4861,864.62,,864.62,1.409,1.409,1.409,2018-03-04T20:17:46.824Z,buy
84,84.0,84.0,84.0,84.0,85.0,85.0,85.0,85.0,85.0,85.0,85.0,85.0,864.63,864.67,864.71,864.72,864.76,0.1,1.0,0.4254,1.1,0.0331,864.6,864.5,864.41,864.24,864.2,0.54,1.59597336,0.01,2.033,1.4861,864.61,,864.61,0.5129,0.5129,0.5129,2018-03-04T20:17:58.882Z,sell
85,85.0,85.0,85.0,85.0,86.0,86.0,86.0,86.0,86.0,86.0,86.0,86.0,864.63,864.67,864.71,864.72,864.76,0.1,1.0,0.4254,1.1,0.0331,864.6,864.5,864.38,864.28,864.27,0.54,1.59597336,0.01,0.3,54.75,864.61,,864.61,0.14561989,0.14561989,0.14561989,2018-03-04T20:18:11.556Z,sell
86,86.0,86.0,86.0,86.0,87.0,87.0,87.0,87.0,87.0,87.0,87.0,87.0,864.63,864.67,864.71,864.72,864.76,0.1,1.0,0.4254,1.1,0.0331,864.6,864.5,864.38,864.29,864.27,0.54,1.59597336,0.01,0.3,49.47,864.62,,864.62,1.6687,1.6687,1.6687,2018-03-04T20:18:24.425Z,buy
87,87.0,87.0,87.0,87.0,88.0,88.0,88.0,88.0,88.0,88.0,88.0,88.0,864.63,864.67,864.71,864.72,864.76,0.1,1.0,0.4254,1.1,0.0331,864.6,864.5,864.37,864.29,864.25,0.54,1.59597336,0.01,51.6,2.04,864.61,,864.61,0.16361989,0.16361989,0.16361989,2018-03-04T20:18:26.797Z,sell
88,88.0,88.0,88.0,88.0,89.0,89.0,89.0,89.0,89.0,89.0,89.0,89.0,864.63,864.67,864.71,864.72,864.76,0.1,1.0,0.4254,1.1,0.0331,864.6,864.5,864.39,864.38,864.37,0.54,1.59597336,0.43178091,49.45,0.01,864.61,,864.61,0.9524,0.9524,0.9524,2018-03-04T20:18:35.220Z,sell
89,89.0,89.0,89.0,89.0,90.0,90.0,90.0,90.0,90.0,90.0,90.0,90.0,864.63,864.67,864.71,864.72,864.75,0.1,1.0,0.4254,1.1,0.15,864.6,864.5,864.41,864.24,864.2,0.54,1.59597336,0.01,2.033,1.4861,864.61,,864.61,0.0367,0.0367,0.0367,2018-03-04T20:18:45.881Z,sell
90,90.0,90.0,90.0,90.0,91.0,91.0,91.0,91.0,91.0,91.0,91.0,91.0,864.63,864.67,864.71,864.72,864.75,0.1,1.0,0.4254,1.1,0.15,864.6,864.5,864.41,864.24,864.2,0.54,1.59597336,0.01,2.033,1.4861,864.62,,864.62,0.6477,0.6477,0.6477,2018-03-04T20:18:58.497Z,buy
91,91.0,91.0,91.0,91.0,92.0,92.0,92.0,92.0,92.0,92.0,92.0,92.0,864.63,864.67,864.71,864.72,864.75,0.1,1.0,0.4254,1.1,0.15,864.6,864.5,864.41,864.24,864.2,0.54,1.59597336,0.01,2.033,1.4861,864.61,,864.61,0.1926578,0.1926578,0.1926578,2018-03-04T20:19:04.880Z,sell
92,92.0,92.0,92.0,92.0,93.0,93.0,93.0,93.0,93.0,93.0,93.0,93.0,864.63,864.67,864.71,864.72,864.75,0.1,1.0,0.4254,1.1,0.15,864.6,864.52,864.5,864.24,864.2,0.54,0.01,1.59597336,2.033,1.4861,864.62,,864.62,0.019081,0.019081,0.019081,2018-03-04T20:19:10.966Z,buy
93,93.0,93.0,93.0,93.0,94.0,94.0,94.0,94.0,94.0,94.0,94.0,94.0,864.63,864.67,864.71,864.72,864.75,0.1,1.0,0.4254,1.1,0.15,864.6,864.52,864.5,864.24,864.2,0.54,0.01,1.59597336,2.033,1.4861,864.62,,864.62,6.55340945,6.55340945,6.55340945,2018-03-04T20:19:10.966Z,buy
94,94.0,94.0,94.0,94.0,95.0,95.0,95.0,95.0,95.0,95.0,95.0,95.0,864.63,864.67,864.71,864.72,864.75,0.1,1.0,0.4254,1.1,0.15,864.6,864.5,864.34,864.24,864.2,0.54,1.98750492,0.01,2.033,1.4861,864.61,,864.61,1.7531,1.7531,1.7531,2018-03-04T20:19:22.579Z,sell
95,95.0,95.0,95.0,95.0,96.0,96.0,96.0,96.0,96.0,96.0,96.0,96.0,864.63,864.67,864.71,864.72,864.75,0.1,1.0,0.4254,1.1,0.15,864.6,864.5,864.33,864.27,864.26,0.54,1.98750492,0.01,0.3,50.35,864.62,,864.62,0.010025,0.010025,0.010025,2018-03-04T20:19:35.310Z,buy
96,96.0,96.0,96.0,96.0,97.0,97.0,97.0,97.0,97.0,97.0,97.0,97.0,864.63,864.67,864.71,864.72,864.75,0.1,1.0,0.4254,1.1,0.15,864.6,864.5,864.35,864.34,864.24,0.54,1.98750492,0.01,0.73180588,0.7679,864.62,,864.62,0.48905753,0.48905753,0.48905753,2018-03-04T20:19:37.943Z,buy
97,97.0,97.0,97.0,97.0,98.0,98.0,98.0,98.0,98.0,98.0,98.0,99.0,864.96,864.98,864.99,865.0,865.01,9.34804254,0.42278268,12.72917068,347.17988631,5.94784088,864.83,864.69,864.61,864.6,864.59,0.43156123,0.01,26.70213287,0.54,3.0,864.9,,864.9,0.44525566,0.44525566,0.44525566,2018-03-04T20:19:46.657Z,buy
98,98.0,98.0,98.0,98.0,99.0,99.0,99.0,99.0,99.0,99.0,99.0,98.0,864.96,864.98,864.99,865.0,865.01,9.34804254,0.42278268,12.72917068,347.17988631,5.94784088,864.61,864.6,864.59,864.5,864.27,26.71219287,0.54,3.01,1.98750492,1.0,864.62,,864.62,0.013299,0.013299,0.013299,2018-03-04T20:19:46.657Z,buy
99,99.0,99.0,99.0,99.0,100.0,100.0,100.0,100.0,100.0,100.0,100.0,100.0,864.91,864.92,864.93,864.94,864.95,0.010983,0.021387,0.016763,0.010983,0.022542,864.67,864.66,864.63,864.61,864.6,49.1,47.65,0.43166105,3.71682427,0.54,864.9,,864.9,0.215,0.215,0.215,2018-03-04T20:20:13.873Z,buy
100,100.0,100.0,100.0,100.0,101.0,101.0,101.0,101.0,101.0,101.0,101.0,101.0,864.91,864.92,864.93,864.94,864.95,0.010983,0.021387,0.016763,0.010983,0.022542,864.7,864.69,864.61,864.6,864.59,55.06,44.38,3.40315684,0.55,3.0,864.9,,864.9,0.4565,0.4565,0.4565,2018-03-04T20:20:24.762Z,buy
101,101.0,101.0,101.0,101.0,102.0,102.0,102.0,102.0,102.0,102.0,102.0,102.0,864.91,864.92,864.93,864.94,864.96,0.010983,0.021387,0.016763,0.010983,9.34804254,864.7,864.69,864.61,864.6,864.59,58.39,44.38,3.40315684,0.55,3.0,864.9,,864.9,1.33781797,1.33781797,1.33781797,2018-03-04T20:20:28.232Z,buy
102,102.0,102.0,102.0,102.0,103.0,103.0,103.0,103.0,103.0,103.0,103.0,103.0,864.91,864.92,864.93,864.94,864.95,0.0237,0.016763,0.021388,0.021386,0.012136,864.69,864.62,864.61,864.6,864.59,0.01,52.21,3.40315684,0.54,3.0,864.9,,864.9,0.4904,0.4904,0.4904,2018-03-04T20:20:37.321Z,buy
103,103.0,103.0,103.0,103.0,104.0,104.0,104.0,104.0,104.0,104.0,104.0,104.0,864.91,864.92,864.93,864.94,864.95,0.0237,0.016763,0.010981,0.021386,0.012136,864.61,864.6,864.59,864.54,864.5,3.40315684,0.54,3.0,0.01,1.98750492,864.89,,864.89,0.05,0.05,0.05,2018-03-04T20:20:38.754Z,sell
104,104.0,104.0,104.0,104.0,105.0,105.0,105.0,105.0,105.0,105.0,105.0,105.0,864.91,864.92,864.93,864.94,864.95,0.0237,0.016763,0.010981,0.021386,0.012136,864.62,864.61,864.6,864.59,864.57,47.46,3.40315684,0.54,3.0,0.01,864.9,,864.9,9.94874089,9.94874089,9.94874089,2018-03-04T20:20:39.813Z,buy
105,105.0,105.0,105.0,105.0,106.0,106.0,106.0,106.0,106.0,106.0,106.0,106.0,864.91,864.92,864.93,864.94,864.95,0.219074,0.020231,0.012136,0.013295,0.010981,864.69,864.61,864.6,864.59,864.5,0.01,3.40315684,0.54,3.0,1.98750492,864.9,,864.9,1.7292,1.7292,1.7292,2018-03-04T20:20:49.705Z,buy
106,106.0,106.0,106.0,106.0,107.0,107.0,107.0,107.0,107.0,107.0,107.0,107.0,864.91,864.92,864.93,864.94,864.95,0.219076,0.020231,0.012136,0.016762,0.016762,864.69,864.61,864.6,864.59,864.5,0.02,3.40315684,0.54,3.0,1.98750492,864.9,,864.9,2.4909,2.4909,2.4909,2018-03-04T20:21:01.329Z,buy
107,107.0,107.0,107.0,107.0,108.0,108.0,108.0,108.0,108.0,108.0,108.0,108.0,864.91,864.92,864.93,864.94,864.95,0.221386,0.020232,0.012138,0.016762,0.019074,864.69,864.61,864.6,864.59,864.5,0.02,3.40315684,0.54,3.0,1.98750492,864.89,,864.89,0.05,0.05,0.05,2018-03-04T20:21:08.139Z,sell
108,108.0,108.0,108.0,108.0,109.0,109.0,109.0,109.0,109.0,109.0,109.0,109.0,864.91,864.92,864.93,864.94,864.95,0.221386,0.010981,0.019076,0.031793,0.019074,864.69,864.61,864.6,864.59,864.5,0.02,3.40315684,0.55,3.0,1.98750492,864.89,,864.89,4.17036297,4.17036297,4.17036297,2018-03-04T20:21:13.787Z,sell
109,109.0,109.0,109.0,109.0,110.0,110.0,110.0,110.0,110.0,110.0,110.0,110.0,864.91,864.92,864.93,864.94,864.95,0.210981,0.010981,0.021388,0.021386,0.015605,864.69,864.61,864.6,864.59,864.5,0.02,3.40315684,0.55,3.0,1.98750492,864.9,,864.9,1.0038,1.0038,1.0038,2018-03-04T20:21:24.800Z,buy
110,110.0,110.0,110.0,110.0,111.0,111.0,111.0,111.0,111.0,111.0,111.0,111.0,864.91,864.92,864.96,864.98,864.99,0.44384352,0.021386,9.34804254,0.42278268,12.92917068,864.69,864.61,864.6,864.59,864.5,0.02,3.40315684,0.55,3.0,1.98750492,864.89,,864.89,0.0299,0.0299,0.0299,2018-03-04T20:21:37.636Z,sell
111,111.0,111.0,111.0,111.0,112.0,112.0,112.0,112.0,112.0,112.0,112.0,112.0,864.91,864.96,864.98,864.99,865.0,0.45384352,9.34804254,0.42278268,12.92917068,340.45163148,864.69,864.61,864.6,864.59,864.5,0.02,3.40315684,0.55,3.0,1.98750492,864.9,,864.9,0.1492,0.1492,0.1492,2018-03-04T20:21:49.481Z,buy
112,112.0,112.0,112.0,112.0,113.0,113.0,113.0,113.0,113.0,113.0,113.0,113.0,864.91,864.96,864.98,864.99,865.0,0.45384352,9.34804254,0.42278268,12.92917068,340.45163148,864.69,864.61,864.6,864.59,864.5,0.01,3.39315684,0.54,3.0,1.98750492,864.9,,864.9,0.1665,0.1665,0.1665,2018-03-04T20:21:59.800Z,buy
113,113.0,113.0,113.0,113.0,114.0,114.0,114.0,114.0,114.0,114.0,114.0,114.0,864.91,864.96,864.98,864.99,865.0,0.45384352,9.34804254,0.42278268,12.92917068,345.01565288,864.69,864.61,864.6,864.59,864.5,0.01,3.39315684,0.54,3.0,1.98750492,864.9,,864.9,1.7879,1.7879,1.7879,2018-03-04T20:22:12.718Z,buy
114,114.0,114.0,114.0,114.0,115.0,115.0,115.0,115.0,115.0,115.0,115.0,115.0,864.59,864.85,864.89,864.9,864.91,0.01,4.96908706,3.5010000000000003,92.59435387,0.44384352,864.13,864.11,864.01,864.0,863.95,0.03351479,0.01,53.08,1.01,0.034,864.27,,864.27,0.35514121,0.35514121,0.35514121,2018-03-04T20:22:24.840Z,sell
115,115.0,115.0,115.0,115.0,116.0,116.0,116.0,116.0,116.0,116.0,116.0,116.0,864.29,864.52,864.75,864.84,864.88,0.1,0.01,0.017922999999999998,0.492984,7.83667562,864.13,864.11,864.0,863.95,863.8,0.03351479,0.01,1.02,0.034,0.01,864.27,,864.27,0.04,0.04,0.04,2018-03-04T20:22:30.689Z,sell
116,116.0,116.0,116.0,116.0,117.0,117.0,117.0,117.0,117.0,117.0,117.0,117.0,864.29,864.52,864.75,864.84,864.88,0.1,0.01,0.017922999999999998,0.010984,0.48,864.13,864.11,864.0,863.95,863.8,0.03351479,0.01,1.02,0.034,0.01,864.28,,864.28,0.10626017,0.10626017,0.10626017,2018-03-04T20:22:36.825Z,buy
117,117.0,117.0,117.0,117.0,118.0,118.0,118.0,118.0,118.0,118.0,118.0,118.0,864.29,864.54,864.75,864.84,864.88,0.1,0.01,0.017922999999999998,0.010984,0.48,864.13,864.11,864.02,864.0,863.95,0.03351479,0.01,0.01,1.01,0.034,864.28,,864.28,1.05552966,1.05552966,1.05552966,2018-03-04T20:22:41.423Z,buy
118,118.0,118.0,118.0,118.0,119.0,119.0,119.0,119.0,119.0,119.0,119.0,119.0,864.29,864.37,864.54,864.57,864.75,0.1,0.01,0.010985,5.4,0.017922999999999998,864.13,864.11,864.0,863.95,863.85,0.03351479,0.01,1.01,0.034,0.01,864.28,,864.28,0.022559,0.022559,0.022559,2018-03-04T20:22:48.916Z,buy
119,119.0,119.0,119.0,119.0,120.0,120.0,120.0,120.0,120.0,120.0,120.0,120.0,864.29,864.47,864.54,864.57,864.75,0.1,0.01,0.010985,5.4,0.017922999999999998,864.13,864.11,864.0,863.95,863.8,0.03351479,0.01,1.01,0.044,0.01,864.28,,864.28,0.33701783,0.33701783,0.33701783,2018-03-04T20:22:48.916Z,buy
120,120.0,120.0,120.0,120.0,121.0,121.0,121.0,121.0,121.0,121.0,121.0,121.0,864.29,864.35,864.5,864.54,864.56,0.1,0.02,0.01,0.010985,4.80057814,864.13,864.11,864.01,864.0,863.98,0.03351479,0.01,47.23,1.01,0.01,864.28,,864.28,0.11581518,0.11581518,0.11581518,2018-03-04T20:22:57.957Z,buy
121,121.0,121.0,121.0,121.0,122.0,122.0,122.0,122.0,122.0,122.0,122.0,122.0,864.29,864.35,864.37,864.54,864.57,0.1,0.02,0.01,0.010985,5.4,864.13,864.11,864.0,863.95,863.86,0.03351479,0.01,1.01,0.034,0.01,864.28,,864.28,0.23270218,0.23270218,0.23270218,2018-03-04T20:22:59.801Z,buy
122,122.0,122.0,122.0,122.0,123.0,123.0,123.0,123.0,123.0,123.0,123.0,123.0,864.35,864.37,864.54,864.57,864.75,0.02,0.01,0.010985,5.4,0.017922999999999998,864.13,864.11,864.0,863.95,863.85,0.03351479,0.01,1.01,0.034,0.01,864.27,,864.27,0.02703,0.02703,0.02703,2018-03-04T20:23:04.777Z,sell
123,123.0,123.0,123.0,123.0,124.0,124.0,124.0,124.0,124.0,124.0,124.0,124.0,864.29,864.35,864.53,864.54,864.75,0.1,0.02,0.01,0.010985,0.017922999999999998,864.13,864.11,864.01,864.0,863.95,0.03351479,0.01,0.01,1.01,0.034,864.28,,864.28,3.9932,3.9932,3.9932,2018-03-04T20:23:11.693Z,buy
124,124.0,124.0,124.0,124.0,125.0,125.0,125.0,125.0,125.0,125.0,125.0,125.0,864.29,864.54,864.64,864.75,864.84,0.1,0.010985,0.01,0.017922999999999998,0.010984,864.13,864.12,864.11,864.01,864.0,0.03351479,0.01,0.01,42.53,5.01,864.28,,864.28,0.7996,0.7996,0.7996,2018-03-04T20:23:22.940Z,buy
125,125.0,125.0,125.0,125.0,126.0,126.0,126.0,126.0,126.0,126.0,126.0,126.0,864.29,864.54,864.75,864.76,864.84,0.1,0.010985,0.017922999999999998,0.01,0.020984,864.13,864.11,864.0,863.95,863.8,0.03351479,0.01,5.01,0.034,0.01,864.28,,864.28,1.8951,1.8951,1.8951,2018-03-04T20:23:35.167Z,buy
126,126.0,126.0,126.0,126.0,127.0,127.0,127.0,127.0,127.0,127.0,127.0,127.0,864.73,864.87,864.88,864.89,864.9,0.02,0.1,4.38888911,1.2,59.1439429,864.27,864.13,864.11,864.0,863.95,20.97622175,0.03351479,0.01,5.01,0.034,864.88,,864.88,0.41168903,0.41168903,0.41168903,2018-03-04T20:23:47.174Z,buy
127,127.0,127.0,127.0,127.0,128.0,128.0,128.0,128.0,128.0,128.0,128.0,128.0,864.3,864.6,864.68,864.69,864.7,0.3,0.01,0.01561,0.013297,0.013296,864.27,864.13,864.11,864.08,864.0,0.56032879,0.03351479,0.01,0.01,5.01,864.29,,864.29,0.096825,0.096825,0.096825,2018-03-04T20:23:58.719Z,buy
128,128.0,128.0,128.0,128.0,129.0,129.0,129.0,129.0,129.0,129.0,129.0,129.0,864.3,864.68,864.69,864.7,864.71,0.1,0.01561,0.013297,0.013296,0.016765000000000002,864.27,864.17,864.13,864.11,864.0,0.55032879,1.8,0.03351479,0.01,5.01,864.29,,864.29,0.008042,0.008042,0.008042,2018-03-04T20:24:11.302Z,buy
129,129.0,129.0,129.0,129.0,130.0,130.0,130.0,130.0,130.0,130.0,130.0,130.0,864.3,864.68,864.69,864.7,864.71,0.11,0.01561,0.013297,0.013296,0.016765000000000002,864.27,864.19,864.13,864.11,864.0,0.55032879,1.8,0.03351479,0.01,5.01,864.28,,864.28,9.19690704,9.19690704,9.19690704,2018-03-04T20:24:24.300Z,sell
130,130.0,130.0,130.0,130.0,131.0,131.0,131.0,131.0,131.0,131.0,131.0,131.0,864.3,864.68,864.69,864.7,864.71,0.16838765,0.01561,0.013297,0.013296,0.016765000000000002,864.27,864.19,864.13,864.11,864.0,0.55032879,1.8,0.02351479,0.01,5.01,864.29,,864.29,8.113821000000002,8.113821000000002,8.113821000000002,2018-03-04T20:24:36.967Z,buy
131,131.0,131.0,131.0,131.0,132.0,132.0,132.0,132.0,132.0,132.0,132.0,132.0,864.76,864.87,864.89,864.9,864.93,0.02,1.083,1.3,63.29226882,2.04,864.56,864.54,864.42,864.32,864.3,0.01,0.43170599,0.02,0.02,46.69,864.88,,864.88,2.93043335,2.93043335,2.93043335,2018-03-04T20:24:49.670Z,buy
132,132.0,132.0,132.0,132.0,133.0,133.0,133.0,133.0,133.0,133.0,133.0,133.0,864.55,864.56,864.57,864.65,864.73,0.022555,0.020241,0.02024,0.030985,0.010984,864.5,864.42,864.32,864.29,864.27,20.0,0.02,0.02,1.8,0.55032879,864.53,,864.53,0.5097,0.5097,0.5097,2018-03-04T20:25:02.568Z,sell
133,133.0,133.0,133.0,133.0,134.0,134.0,134.0,134.0,134.0,134.0,134.0,134.0,864.55,864.56,864.57,864.64,864.65,0.022555,0.020241,0.02024,0.015611000000000003,0.030985,864.42,864.33,864.32,864.29,864.27,0.02,0.02,0.02,0.01,0.55032879,864.54,,864.54,0.991012,0.991012,0.991012,2018-03-04T20:25:14.300Z,buy
134,134.0,134.0,134.0,134.0,135.0,135.0,135.0,135.0,135.0,135.0,135.0,135.0,864.55,864.57,864.62,864.63,864.64,0.022555,0.02024,0.010986,0.031393,0.015611000000000003,864.27,864.26,864.13,864.11,864.01,2.35032879,2.294,0.03351479,0.02,8.87048304,864.53,,864.53,10.2757,10.2757,10.2757,2018-03-04T20:25:27.228Z,sell
135,135.0,135.0,135.0,135.0,136.0,136.0,136.0,136.0,136.0,136.0,136.0,136.0,864.62,864.63,864.64,864.66,864.67,0.010986,0.021393,0.015611000000000003,0.010985,0.016768,864.35,864.34,864.29,864.27,864.26,0.43180089,56.02,1.8,0.55032879,2.294,864.54,,864.54,1.2427,1.2427,1.2427,2018-03-04T20:25:39.307Z,buy
136,136.0,136.0,136.0,136.0,137.0,137.0,137.0,137.0,137.0,137.0,137.0,137.0,864.65,864.66,864.67,864.68,864.69,0.010984,0.010985,0.016766999999999997,0.027174,0.016766999999999997,864.41,864.4,864.31,864.27,864.26,0.43177091,49.13,0.01,2.35032879,2.294,864.54,,864.54,2.5339,2.5339,2.5339,2018-03-04T20:25:53.957Z,buy
137,137.0,137.0,137.0,137.0,138.0,138.0,138.0,138.0,138.0,138.0,138.0,138.0,864.64,864.65,864.66,864.67,864.68,0.016766999999999997,0.010984,0.010985,0.016766999999999997,0.027174,864.29,864.28,864.27,864.26,864.13,0.01,8.87048304,2.35032879,2.294,0.03351479,864.54,,864.54,0.6575,0.6575,0.6575,2018-03-04T20:26:05.680Z,buy
138,138.0,138.0,138.0,138.0,139.0,139.0,139.0,139.0,139.0,139.0,139.0,139.0,864.63,864.64,864.65,864.66,864.67,0.01214,0.016766999999999997,0.010984,0.010985,0.016766999999999997,864.28,864.27,864.26,864.13,864.11,47.36,0.53782879,2.294,0.02351479,0.01,864.53,,864.53,0.028946,0.028946,0.028946,2018-03-04T20:26:09.348Z,sell
139,139.0,139.0,139.0,139.0,140.0,140.0,140.0,140.0,140.0,140.0,140.0,140.0,864.63,864.64,864.65,864.66,864.67,0.01214,0.016766999999999997,0.010984,0.010985,0.016766999999999997,864.27,864.26,864.13,864.11,864.0,0.53782879,2.294,0.02351479,0.01,5.01,864.53,,864.53,0.025471,0.025471,0.025471,2018-03-04T20:26:10.870Z,sell
140,140.0,140.0,140.0,140.0,141.0,141.0,141.0,141.0,141.0,141.0,141.0,141.0,864.75,864.87,864.88,864.89,864.9,20.0,2.04,73.193,0.83565064,63.49226882,864.3,864.27,864.26,864.22,864.13,54.5,0.53782879,2.294,0.01,0.02351479,864.71,,864.71,0.014455,0.014455,0.014455,2018-03-04T20:26:11.489Z,buy
141,141.0,141.0,141.0,141.0,142.0,142.0,142.0,142.0,142.0,142.0,142.0,142.0,864.74,864.75,864.89,864.9,864.92,72.893,20.0,0.83565064,63.49226882,1.22,864.32,864.31,864.3,864.27,864.26,47.51,0.43182087,54.5,0.53782879,2.294,864.89,,864.89,0.16434936,0.16434936,0.16434936,2018-03-04T20:26:11.489Z,buy
142,142.0,142.0,142.0,142.0,143.0,143.0,143.0,143.0,143.0,143.0,143.0,143.0,864.72,864.73,864.75,864.79,864.89,0.010983,0.01908,20.0,0.01,0.83565064,864.33,864.32,864.31,864.27,864.26,49.63,47.51,0.43182087,0.54782879,2.294,864.54,,864.54,3.7554,3.7554,3.7554,2018-03-04T20:26:17.638Z,buy
143,143.0,143.0,143.0,143.0,144.0,144.0,144.0,144.0,144.0,144.0,144.0,144.0,864.69,864.7,864.71,864.72,864.73,0.013298,0.013296,0.021391,0.010983,0.01908,864.33,864.32,864.31,864.27,864.26,0.1,47.51,0.43182087,0.54782879,2.294,864.54,,864.54,0.5540584,0.5540584,0.5540584,2018-03-04T20:26:26.220Z,buy
144,144.0,144.0,144.0,144.0,145.0,145.0,145.0,145.0,145.0,145.0,145.0,145.0,864.91,864.92,864.93,864.94,864.96,0.2,1.22,2.04,25.0,9.34804254,864.74,864.72,864.61,864.54,864.31,52.9,10.0,0.01,0.04,0.44182087,864.9,,864.9,9.17980936,9.17980936,9.17980936,2018-03-04T20:26:29.950Z,buy
145,145.0,145.0,145.0,145.0,146.0,146.0,146.0,146.0,146.0,146.0,146.0,146.0,864.54,864.74,864.8,864.83,864.84,0.035693,0.01,0.02,0.021388,0.012139,864.31,864.27,864.26,864.22,864.13,0.44182087,2.34782879,2.294,0.01,0.02351479,864.54,,864.54,0.02,0.02,0.02,2018-03-04T20:26:39.459Z,sell
146,146.0,146.0,146.0,146.0,147.0,147.0,147.0,147.0,147.0,147.0,147.0,147.0,864.81,864.85,864.9,864.91,864.92,0.02,0.2,74.02537146,2.04,1.22,864.46,864.42,864.41,864.31,864.27,0.02,0.1,55.68,0.44182087,2.34782879,864.9,,864.9,1.287088,1.287088,1.287088,2018-03-04T20:26:41.659Z,buy
147,147.0,147.0,147.0,147.0,148.0,148.0,148.0,148.0,148.0,148.0,148.0,148.0,864.78,864.79,864.8,864.81,864.9,0.013296,0.022547,0.02,0.02,54.02537146,864.48,864.46,864.31,864.27,864.26,0.02,0.03,0.44182087,2.34782879,2.294,864.72,,864.72,9.503221,9.503221,9.503221,2018-03-04T20:26:54.841Z,buy
148,148.0,148.0,148.0,148.0,149.0,149.0,149.0,149.0,149.0,149.0,149.0,149.0,864.64,864.65,864.69,864.7,864.71,1.8,20.020237,0.017922,0.010984,0.010984,864.46,864.34,864.31,864.28,864.27,0.03,55.81,0.44182087,0.01,0.54782879,864.48,,864.48,0.008536,0.008536,0.008536,2018-03-04T20:27:05.156Z,sell
149,149.0,149.0,149.0,149.0,150.0,150.0,150.0,150.0,150.0,150.0,150.0,150.0,864.62,864.63,864.65,864.69,864.7,20.010986,0.020237,0.020237,0.017922,0.010984,864.46,864.34,864.31,864.27,864.26,0.03,55.81,0.44182087,0.55782879,2.294,864.61,,864.61,0.5099,0.5099,0.5099,2018-03-04T20:27:07.797Z,buy
150,150.0,150.0,150.0,150.0,151.0,151.0,151.0,151.0,151.0,151.0,151.0,151.0,864.49,864.5,864.51,864.58,864.59,0.030072,1.8,0.013301,0.026023,0.010985,864.32,864.31,864.27,864.19,864.13,50.52,0.44182087,0.54782879,0.01,0.02351479,864.46,,864.46,0.004626,0.004626,0.004626,2018-03-04T20:27:19.876Z,sell
151,151.0,151.0,151.0,151.0,152.0,152.0,152.0,152.0,152.0,152.0,152.0,152.0,864.47,864.48,864.49,864.5,864.51,2.24858334,0.022555,0.040072,1.0,0.013301,864.27,864.2,864.13,864.11,864.02,0.54782879,0.01,0.02351479,0.01,0.3,864.31,,864.31,0.0028,0.0028,0.0028,2018-03-04T20:27:43.238Z,sell
152,152.0,152.0,152.0,152.0,153.0,153.0,153.0,153.0,153.0,153.0,153.0,153.0,864.32,864.34,864.45,864.46,864.47,20.020244,0.01,0.021399,1.2,2.24858334,864.0,863.95,863.7,863.69,863.68,5.01,0.034,0.0578,0.0578,0.0578,864.03,,864.03,0.25021891,0.25021891,0.25021891,2018-03-04T20:27:45.616Z,sell
153,153.0,153.0,153.0,153.0,154.0,154.0,154.0,154.0,154.0,154.0,154.0,154.0,864.03,864.04,864.32,864.33,864.45,0.014466,20.0,20.020244,0.01,0.021399,864.0,863.95,863.81,863.7,863.69,5.01,0.034,0.01,0.0578,0.0578,864.02,,864.02,2.487419,2.487419,2.487419,2018-03-04T20:27:55.389Z,buy
154,154.0,154.0,154.0,154.0,155.0,155.0,155.0,155.0,155.0,155.0,155.0,155.0,864.03,864.04,864.07,864.32,864.45,0.014466,20.0,50.0,20.020244,0.021399,864.0,863.95,863.7,863.69,863.68,5.01,0.034,0.0578,0.0578,0.0578,864.01,,864.01,7.0007,7.0007,7.0007,2018-03-04T20:28:06.443Z,sell
155,155.0,155.0,155.0,155.0,156.0,156.0,156.0,156.0,156.0,156.0,156.0,156.0,864.03,864.04,864.07,864.32,864.44,0.014466,20.0,50.0,20.020244,0.01,864.0,863.95,863.7,863.69,863.68,5.01,0.034,0.0578,0.0578,0.0578,864.02,,864.02,2.137225,2.137225,2.137225,2018-03-04T20:28:18.667Z,buy
156,156.0,156.0,156.0,156.0,157.0,157.0,157.0,157.0,157.0,157.0,157.0,157.0,864.0,864.02,864.03,864.07,864.32,16.966820000000002,18.049346,0.014466,50.0,20.020244,863.7,863.69,863.68,863.67,863.65,0.0578,0.0578,0.0578,0.0578,0.01,864.0,,864.0,4.0,4.0,4.0,2018-03-04T20:28:22.790Z,sell
157,157.0,157.0,157.0,157.0,158.0,158.0,158.0,158.0,158.0,158.0,158.0,158.0,863.97,863.98,863.99,864.0,864.02,0.010995,0.02141,5.811993,16.966820000000002,18.038836,863.7,863.69,863.68,863.67,863.65,0.0578,0.0578,0.0578,0.0578,0.01,863.96,,863.96,0.7804,0.7804,0.7804,2018-03-04T20:28:32.122Z,buy
158,158.0,158.0,158.0,158.0,159.0,159.0,159.0,159.0,159.0,159.0,159.0,159.0,863.96,863.97,863.98,863.99,864.0,1.936423,0.020995,0.03141,5.811993,16.966820000000002,863.6,863.58,863.55,863.52,863.33,0.0578,0.0578,0.0578,0.0578,0.1,863.67,,863.67,0.0578,0.0578,0.0578,2018-03-04T20:28:42.704Z,sell
159,159.0,159.0,159.0,159.0,160.0,160.0,160.0,160.0,160.0,160.0,160.0,160.0,863.79,863.89,863.96,863.97,863.98,1.8,0.01,0.125473,0.020995,0.03141,863.58,863.55,863.52,863.35,863.34,0.0578,0.0578,0.0578,0.1,48.52,863.6,,863.6,0.05473999,0.05473999,0.05473999,2018-03-04T20:28:43.397Z,sell
160,160.0,160.0,160.0,160.0,161.0,161.0,161.0,161.0,161.0,161.0,161.0,161.0,863.65,863.72,863.73,863.74,863.75,0.014471,0.016786000000000002,0.013313,0.036469,0.029519,863.58,863.55,863.52,863.33,863.19,0.0578,0.0578,0.0578,0.1,0.31,863.61,,863.61,1.2520790000000002,1.2520790000000002,1.2520790000000002,2018-03-04T20:28:54.606Z,buy
161,161.0,161.0,161.0,161.0,162.0,162.0,162.0,162.0,162.0,162.0,162.0,162.0,863.65,863.66,863.67,863.68,863.69,0.014471,0.010998,0.022576,0.017943,0.017945,863.58,863.55,863.52,863.33,863.19,0.0578,0.0578,0.0578,0.1,0.02,863.61,,863.61,0.151802,0.151802,0.151802,2018-03-04T20:29:05.899Z,buy
162,162.0,162.0,162.0,162.0,163.0,163.0,163.0,163.0,163.0,163.0,163.0,163.0,863.63,863.64,863.65,863.66,863.67,0.022576,0.015629,0.014471,0.010998,0.022576,863.58,863.55,863.52,863.4,863.33,0.0578,0.0578,0.0578,0.01,0.1,863.6,,863.6,0.33079999,0.33079999,0.33079999,2018-03-04T20:29:16.610Z,sell
163,163.0,163.0,163.0,163.0,164.0,164.0,164.0,164.0,164.0,164.0,164.0,164.0,863.4,863.52,863.53,863.61,863.63,0.01,20.04,0.02,23.69445248,0.022576,863.18,863.04,863.0,862.95,862.88,0.04,0.1,7.9,0.1,0.01,863.09,,863.09,0.66132405,0.66132405,0.66132405,2018-03-04T20:29:26.178Z,sell
164,164.0,164.0,164.0,164.0,165.0,165.0,165.0,165.0,165.0,165.0,165.0,165.0,863.41,863.52,863.53,863.6,863.61,20.0,0.05563,0.02,1.8,23.68416248,862.95,862.83,862.77,862.73,862.59,0.1,0.1,0.01,0.01,0.1,863.01,,863.01,0.80515689,0.80515689,0.80515689,2018-03-04T20:29:29.157Z,sell
165,165.0,165.0,165.0,165.0,166.0,166.0,166.0,166.0,166.0,166.0,166.0,166.0,863.49,863.5,863.51,863.52,863.53,0.016791999999999998,0.021424,0.024896,0.05563,0.02,863.01,863.0,862.95,862.83,862.73,50.02,7.9,0.1,0.1,0.01,863.48,,863.48,0.53897473,0.53897473,0.53897473,2018-03-04T20:29:36.171Z,sell
166,166.0,166.0,166.0,166.0,167.0,167.0,167.0,167.0,167.0,167.0,167.0,167.0,863.49,863.5,863.51,863.52,863.53,0.016791999999999998,1.64749686,0.024896,0.05563,0.02,863.41,863.32,863.14,863.13,863.08,49.77,0.01,20.0,20.0,2.05,863.4,,863.4,0.06202469,0.06202469,0.06202469,2018-03-04T20:29:39.000Z,sell
167,167.0,167.0,167.0,167.0,168.0,168.0,168.0,168.0,168.0,168.0,168.0,168.0,863.51,863.52,863.53,863.58,863.59,0.024896,0.05563,0.02,1.8,5.803,863.32,863.15,863.13,863.04,863.0,20.01,53.73,20.0,0.3,7.9,863.5,,863.5,0.021424,0.021424,0.021424,2018-03-04T20:29:40.277Z,buy
168,168.0,168.0,168.0,168.0,169.0,169.0,169.0,169.0,169.0,169.0,169.0,169.0,863.5,863.51,863.52,863.53,863.58,0.77336586,0.024896,0.05563,0.02,1.8,863.33,863.16,863.13,863.01,863.0,20.01,0.3,20.0,2.05,7.9,863.5,,863.5,0.852707,0.852707,0.852707,2018-03-04T20:29:40.277Z,buy
169,169.0,169.0,169.0,169.0,170.0,170.0,170.0,170.0,170.0,170.0,170.0,170.0,863.61,863.63,863.64,863.65,863.66,22.05808962,0.022576,0.015629,0.01,0.010998,863.57,863.39,863.33,863.0,862.95,47.85,0.01,0.3,7.9,0.1,863.58,,863.58,0.20015461,0.20015461,0.20015461,2018-03-04T20:29:52.553Z,buy
170,170.0,170.0,170.0,170.0,171.0,171.0,171.0,171.0,171.0,171.0,171.0,171.0,863.6,863.61,863.62,863.63,863.64,0.010999,22.05808962,0.014473,0.032576,0.015629,863.38,863.33,863.0,862.95,862.83,0.01,0.3,7.9,0.1,0.1,863.58,,863.58,0.2885,0.2885,0.2885,2018-03-04T20:30:03.885Z,sell
171,171.0,171.0,171.0,171.0,172.0,172.0,172.0,172.0,172.0,172.0,172.0,172.0,863.58,863.59,863.6,863.61,863.62,10.27732,0.51967396,6.55538575,22.05808962,0.014473,863.15,863.12,863.07,863.0,862.95,0.01,48.34,2.05,7.9,0.1,863.58,,863.58,0.01068,0.01068,0.01068,2018-03-04T20:30:15.292Z,sell
172,172.0,172.0,172.0,172.0,173.0,173.0,173.0,173.0,173.0,173.0,173.0,173.0,863.4,863.51,863.58,863.59,863.6,20.0,0.01,9.98932,0.46723085,1.05638575,863.01,863.0,862.95,862.83,862.73,50.57,7.9,0.1,0.1,0.01,863.12,,863.12,1.00716,1.00716,1.00716,2018-03-04T20:30:16.165Z,sell
173,173.0,173.0,173.0,173.0,174.0,174.0,174.0,174.0,174.0,174.0,174.0,174.0,863.59,863.6,863.61,863.62,863.63,0.170933,3.09638575,22.04477762,0.014473,0.01,863.18,863.06,863.05,863.02,863.0,0.01,55.28,0.02,0.0125,7.9,863.32,,863.32,0.020269,0.020269,0.020269,2018-03-04T20:30:28.614Z,buy
174,174.0,174.0,174.0,174.0,175.0,175.0,175.0,175.0,175.0,175.0,175.0,175.0,863.59,863.6,863.61,863.62,863.63,0.170933,1.05638575,22.04477762,0.014473,0.01,863.19,863.05,863.02,863.0,862.95,0.01,0.02,0.0125,7.9,0.1,863.4,,863.4,2.38971847,2.38971847,2.38971847,2018-03-04T20:30:28.614Z,buy
175,175.0,175.0,175.0,175.0,176.0,176.0,176.0,176.0,176.0,176.0,176.0,176.0,863.47,863.51,863.53,863.54,863.55,0.019106,0.010998,0.016788,0.010998,0.010997,863.1,863.05,863.04,863.03,863.02,44.26,0.02,0.01,1.8,0.0125,863.4,,863.4,0.340465,0.340465,0.340465,2018-03-04T20:30:40.570Z,buy
176,176.0,176.0,176.0,176.0,177.0,177.0,177.0,177.0,177.0,177.0,177.0,177.0,863.45,863.46,863.47,863.48,863.49,0.010999,0.010999,0.019106,0.012158,0.015632,863.11,863.1,863.05,863.04,863.02,1.8,50.09,0.02,0.01,0.0125,863.4,,863.4,0.3882,0.3882,0.3882,2018-03-04T20:30:52.812Z,buy
177,177.0,177.0,177.0,177.0,178.0,178.0,178.0,178.0,178.0,178.0,178.0,178.0,863.41,863.42,863.43,863.44,863.45,0.022584,0.022582,0.015634000000000002,0.013317,0.010999,863.05,863.02,863.0,862.96,862.95,0.02,0.0125,8.4,0.01,0.1,863.4,,863.4,7.33255689,7.33255689,7.33255689,2018-03-04T20:31:05.380Z,buy
178,178.0,178.0,178.0,178.0,179.0,179.0,179.0,179.0,179.0,179.0,179.0,179.0,863.4,863.41,863.42,863.43,863.44,2.88939005,0.022584,0.022582,0.015634000000000002,0.013317,863.26,863.13,863.05,863.02,863.0,0.01,1.8,0.02,0.0125,8.4,863.38,,863.38,3.91858229,3.91858229,3.91858229,2018-03-04T20:31:14.418Z,sell
179,179.0,179.0,179.0,179.0,180.0,180.0,180.0,180.0,180.0,180.0,180.0,180.0,863.41,863.42,863.43,863.44,863.45,0.022584,0.022582,0.015634000000000002,0.013317,0.010999,863.38,863.21,863.13,863.05,863.02,1.5,0.01,1.8,0.02,0.0125,863.4,,863.4,1.038698,1.038698,1.038698,2018-03-04T20:31:16.380Z,buy
180,180.0,180.0,180.0,180.0,181.0,181.0,181.0,181.0,181.0,181.0,181.0,181.0,863.41,863.42,863.43,863.44,863.45,0.022584,0.022582,0.015634000000000002,0.013317,0.010999,863.19,863.13,863.02,863.0,862.95,0.01,1.8,0.0125,8.4,0.1,863.4,,863.4,1.1444,1.1444,1.1444,2018-03-04T20:31:28.619Z,buy
181,181.0,181.0,181.0,181.0,182.0,182.0,182.0,182.0,182.0,182.0,182.0,182.0,863.41,863.42,863.43,863.44,863.45,0.022584,0.022582,0.015634000000000002,0.011002,0.01795,863.2,863.19,863.02,863.0,862.95,1.0,0.01,0.0125,8.4,0.1,863.4,,863.4,0.3583,0.3583,0.3583,2018-03-04T20:31:39.948Z,buy
182,182.0,182.0,182.0,182.0,183.0,183.0,183.0,183.0,183.0,183.0,183.0,183.0,863.41,863.42,863.43,863.44,863.45,0.020266,0.017949,0.020264,0.011002,0.01795,863.3,863.2,863.19,863.02,863.0,0.04,1.0,0.01,0.0125,8.4,863.39,,863.39,0.1,0.1,0.1,2018-03-04T20:31:48.597Z,sell
183,183.0,183.0,183.0,183.0,184.0,184.0,184.0,184.0,184.0,184.0,184.0,184.0,863.41,863.42,863.43,863.44,863.45,0.020266,0.017949,0.020264,0.011002,0.01795,863.3,863.2,863.19,863.02,863.0,0.04,1.0,0.01,0.0125,8.4,863.4,,863.4,0.00815089,0.00815089,0.00815089,2018-03-04T20:31:52.360Z,buy
184,184.0,184.0,184.0,184.0,185.0,185.0,185.0,185.0,185.0,185.0,185.0,185.0,863.41,863.42,863.43,863.44,863.45,0.67853521,0.017949,0.020264,0.011002,0.01795,863.3,863.2,863.19,863.02,863.0,0.04,1.0,0.01,0.0125,8.4,863.4,,863.4,0.00096104,0.00096104,0.00096104,2018-03-04T20:31:59.323Z,buy
185,185.0,185.0,185.0,185.0,186.0,186.0,186.0,186.0,186.0,186.0,186.0,186.0,863.41,863.42,863.43,863.44,863.45,0.67853521,0.017949,0.020264,0.011002,0.01795,863.37,863.3,863.22,863.2,863.02,2.3080000000000003,0.04,0.01,1.0,0.0125,863.39,,863.39,0.01597015,0.01597015,0.01597015,2018-03-04T20:32:05.265Z,sell
186,186.0,186.0,186.0,186.0,187.0,187.0,187.0,187.0,187.0,187.0,187.0,187.0,863.41,863.42,863.43,863.44,863.45,0.67853521,0.017949,0.020264,0.011002,0.01795,863.37,863.3,863.22,863.2,863.02,2.3080000000000003,0.04,0.01,1.0,0.0125,863.39,,863.39,2.2743,2.2743,2.2743,2018-03-04T20:32:17.610Z,sell
187,187.0,187.0,187.0,187.0,188.0,188.0,188.0,188.0,188.0,188.0,188.0,188.0,863.41,863.42,863.43,863.44,863.45,0.66926921,0.011,0.011,0.011,0.013315,863.37,863.3,863.25,863.2,863.02,2.3080000000000003,0.04,0.01,1.0,0.0125,863.4,,863.4,0.9796,0.9796,0.9796,2018-03-04T20:32:29.660Z,buy
188,188.0,188.0,188.0,188.0,189.0,189.0,189.0,189.0,189.0,189.0,189.0,189.0,863.41,863.42,863.43,863.44,863.45,0.66926921,0.011,0.011,0.011,0.013315,863.37,863.25,863.2,863.19,863.02,2.3080000000000003,0.04,1.0,0.01,0.0125,863.4,,863.4,1.2576,1.2576,1.2576,2018-03-04T20:32:41.589Z,buy
189,189.0,189.0,189.0,189.0,190.0,190.0,190.0,190.0,190.0,190.0,190.0,190.0,863.41,863.42,863.43,863.44,863.45,0.66926921,0.011,0.011,0.011,0.013315,863.37,863.25,863.22,863.2,863.02,2.3080000000000003,0.04,0.01,1.0,0.0125,863.39,,863.39,0.1429,0.1429,0.1429,2018-03-04T20:32:52.400Z,sell
190,190.0,190.0,190.0,190.0,191.0,191.0,191.0,191.0,191.0,191.0,191.0,191.0,863.41,863.42,863.43,863.44,863.45,0.66926921,0.011,0.011,0.011,0.013315,863.37,863.25,863.22,863.2,863.02,2.3080000000000003,0.04,0.01,1.0,0.0125,863.39,,863.39,6.9561,6.9561,6.9561,2018-03-04T20:32:52.987Z,sell
191,191.0,191.0,191.0,191.0,192.0,192.0,192.0,192.0,192.0,192.0,192.0,192.0,863.41,863.42,863.43,863.44,863.45,0.67158621,0.012158,0.013318,0.010999,0.010999,863.37,863.35,863.25,863.2,863.02,2.3080000000000003,0.01,0.04,1.0,0.0125,863.4,,863.4,5.6155,5.6155,5.6155,2018-03-04T20:33:17.435Z,buy
192,192.0,192.0,192.0,192.0,193.0,193.0,193.0,193.0,193.0,193.0,193.0,193.0,863.41,863.42,863.43,863.44,863.45,0.67158621,0.012158,0.013318,0.010999,0.017948,863.37,863.25,863.2,863.02,863.0,2.3080000000000003,0.05,1.0,0.0125,8.4,863.4,,863.4,0.67227088,0.67227088,0.67227088,2018-03-04T20:33:27.180Z,buy
193,193.0,193.0,193.0,193.0,194.0,194.0,194.0,194.0,194.0,194.0,194.0,194.0,863.41,863.42,863.43,863.44,863.45,0.67158621,0.012158,0.013318,0.010999,0.017948,863.37,863.25,863.2,863.02,863.0,2.3080000000000003,0.05,1.0,0.0125,8.4,863.4,,863.4,0.6934,0.6934,0.6934,2018-03-04T20:33:28.134Z,buy
194,194.0,194.0,194.0,194.0,195.0,195.0,195.0,195.0,195.0,195.0,195.0,195.0,863.41,863.42,863.43,863.44,863.45,0.67390421,0.011001,0.021423,0.019109,0.017948,863.37,863.25,863.2,863.02,863.0,2.3080000000000003,0.05,1.0,0.0125,8.4,863.39,,863.39,0.3663,0.3663,0.3663,2018-03-04T20:33:38.820Z,sell
195,195.0,195.0,195.0,195.0,196.0,196.0,196.0,196.0,196.0,196.0,196.0,196.0,863.41,863.42,863.43,863.44,863.45,0.67390421,0.011001,0.021423,0.019109,0.017948,863.37,863.25,863.2,863.19,863.02,2.3080000000000003,0.05,1.0,0.01,0.0125,863.4,,863.4,0.011001,0.011001,0.011001,2018-03-04T20:33:49.624Z,buy
196,196.0,196.0,196.0,196.0,197.0,197.0,197.0,197.0,197.0,197.0,197.0,197.0,863.41,863.42,863.43,863.44,863.45,0.67390421,0.011001,0.021423,0.019109,0.017948,863.37,863.25,863.2,863.02,863.0,2.3080000000000003,0.05,1.0,0.0125,8.4,863.4,,863.4,1.04976052,1.04976052,1.04976052,2018-03-04T20:33:49.624Z,buy
197,197.0,197.0,197.0,197.0,198.0,198.0,198.0,198.0,198.0,198.0,198.0,198.0,863.41,863.42,863.43,863.44,863.45,0.67390421,0.011001,0.021423,0.019109,0.020264,863.37,863.25,863.2,863.19,863.02,2.3080000000000003,0.05,1.0,0.01,0.0125,863.39,,863.39,0.416,0.416,0.416,2018-03-04T20:34:01.278Z,sell
198,198.0,198.0,198.0,198.0,199.0,199.0,199.0,199.0,199.0,199.0,199.0,199.0,863.41,863.42,863.43,863.44,863.45,0.65826921,0.019109,0.012158,0.011,0.020264,863.37,863.25,863.2,863.19,863.02,2.3080000000000003,0.04,1.0,0.01,0.0125,863.4,,863.4,0.4812,0.4812,0.4812,2018-03-04T20:34:12.925Z,buy
199,199.0,199.0,199.0,199.0,200.0,200.0,200.0,200.0,200.0,200.0,200.0,,863.06,863.09,863.1,863.23,863.24,0.4,0.013322,0.01,0.011001,8.3277,863.03,863.0,862.95,862.84,862.83,1.0,8.943,0.1,0.01,0.1,863.04,,863.04,1.8606,1.8606,1.8606,2018-03-04T20:41:32.951Z,sell
200,200.0,200.0,200.0,200.0,201.0,201.0,201.0,201.0,201.0,201.0,,,863.06,863.07,863.08,863.09,863.21,0.4,0.016799,0.019114,0.022589,0.011002,863.03,863.0,862.95,862.84,862.83,1.0,7.9,0.1,0.01,0.1,863.04,,863.04,0.2483,0.2483,0.2483,2018-03-04T20:42:06.856Z,sell
201,201.0,201.0,201.0,201.0,202.0,202.0,202.0,202.0,202.0,202.0,,,863.06,863.07,863.08,863.09,863.24,0.4,0.016799,0.019114,0.022589,8.3277,863.03,863.0,862.95,862.84,862.83,1.0,7.9,0.1,0.01,0.1,863.04,,863.04,0.2483,0.2483,0.2483,2018-03-04T20:42:06.856Z,sell
202,202.0,202.0,202.0,202.0,203.0,203.0,203.0,203.0,203.0,203.0,,,863.06,863.07,863.09,863.24,863.26,0.4,0.016799,0.022589,8.3277,8.3277,863.03,863.0,862.95,862.84,862.83,1.0,7.9,0.1,0.01,0.1,863.04,,863.04,0.2483,0.2483,0.2483,2018-03-04T20:42:06.856Z,sell
203,203.0,203.0,203.0,203.0,204.0,204.0,204.0,204.0,204.0,204.0,,,863.06,863.07,863.24,863.26,863.27,0.4,0.016799,8.3277,8.3277,0.281,863.03,863.0,862.95,862.84,862.83,1.0,7.9,0.1,0.01,0.1,863.04,,863.04,0.2483,0.2483,0.2483,2018-03-04T20:42:06.856Z,sell
204,204.0,204.0,204.0,204.0,205.0,205.0,205.0,205.0,205.0,205.0,,,863.06,863.07,863.24,863.26,863.27,0.4,0.016799,8.3277,8.3277,0.281,863.03,863.0,862.95,862.84,862.83,1.0,7.9,0.1,0.01,0.1,863.04,,863.04,0.2483,0.2483,0.2483,2018-03-04T20:42:06.856Z,sell
205,205.0,205.0,205.0,205.0,206.0,206.0,206.0,206.0,206.0,206.0,,,863.06,863.24,863.26,863.27,863.28,0.4,8.3277,8.3277,0.281,8.3277,863.03,863.0,862.95,862.84,862.83,1.0,7.9,0.1,0.01,0.1,863.04,,863.04,0.2483,0.2483,0.2483,2018-03-04T20:42:06.856Z,sell
206,206.0,206.0,206.0,206.0,207.0,207.0,207.0,207.0,207.0,207.0,,,863.06,863.24,863.26,863.27,863.28,0.4,8.3277,8.3277,0.281,8.3277,863.03,863.0,862.95,862.84,862.83,1.0,7.9,0.1,0.01,0.1,863.04,,863.04,0.2483,0.2483,0.2483,2018-03-04T20:42:06.856Z,sell
207,207.0,207.0,207.0,207.0,208.0,208.0,208.0,208.0,208.0,208.0,,,863.06,863.24,863.26,863.27,863.28,0.4,8.3277,8.3277,0.281,8.3277,863.03,863.0,862.95,862.85,862.83,1.0,7.9,0.1,0.01,0.1,863.05,,863.05,2.79403988,2.79403988,2.79403988,2018-03-04T20:42:17.605Z,buy
208,208.0,208.0,208.0,208.0,209.0,209.0,209.0,209.0,209.0,209.0,,,863.06,863.24,863.26,863.27,863.28,0.4,8.3277,8.3277,0.281,8.3277,863.03,863.0,862.95,862.85,862.83,1.0,7.9,0.1,0.01,0.1,863.05,,863.05,2.79403988,2.79403988,2.79403988,2018-03-04T20:42:17.605Z,buy
209,209.0,209.0,209.0,209.0,210.0,210.0,210.0,210.0,210.0,210.0,,,863.06,863.24,863.26,863.27,863.28,0.4,8.3277,8.3277,0.281,8.3277,863.03,863.0,862.95,862.84,862.83,1.0,7.9,0.1,0.01,0.1,863.05,,863.05,2.79403988,2.79403988,2.79403988,2018-03-04T20:42:17.605Z,buy
210,210.0,210.0,210.0,210.0,211.0,211.0,211.0,211.0,211.0,211.0,,,863.06,863.24,863.26,863.27,863.28,0.4,8.3277,8.3277,0.281,8.3277,863.03,863.0,862.95,862.84,862.83,1.0,7.9,0.1,0.01,0.1,863.05,,863.05,2.79403988,2.79403988,2.79403988,2018-03-04T20:42:17.605Z,buy
211,211.0,211.0,211.0,211.0,212.0,212.0,212.0,212.0,212.0,212.0,,,863.06,863.24,863.26,863.27,863.28,0.4,8.3277,8.3277,0.281,8.3277,863.03,863.0,862.95,862.84,862.83,1.0,7.9,0.1,0.01,0.1,863.05,,863.05,2.79403988,2.79403988,2.79403988,2018-03-04T20:42:17.605Z,buy
212,212.0,212.0,212.0,212.0,213.0,213.0,213.0,213.0,213.0,213.0,,,863.06,863.24,863.26,863.27,863.28,0.45003453,8.3277,8.3277,0.281,8.3277,863.03,863.0,862.95,862.84,862.83,1.0,7.9,0.1,0.01,0.1,863.05,,863.05,2.79403988,2.79403988,2.79403988,2018-03-04T20:42:17.605Z,buy
213,213.0,213.0,213.0,213.0,214.0,214.0,214.0,214.0,214.0,214.0,,,863.06,863.24,863.26,863.27,863.28,0.45003453,8.3277,8.3277,0.281,8.3277,863.03,863.0,862.95,862.84,862.83,1.0,7.9,0.1,0.01,0.1,863.05,,863.05,2.79403988,2.79403988,2.79403988,2018-03-04T20:42:17.605Z,buy
214,214.0,214.0,214.0,214.0,215.0,215.0,215.0,215.0,215.0,215.0,,,863.06,863.24,863.26,863.27,863.28,0.45003453,8.3277,8.3277,0.281,8.3277,863.03,863.0,862.95,862.84,862.83,1.0,7.9,0.1,0.01,0.1,863.05,,863.05,2.79403988,2.79403988,2.79403988,2018-03-04T20:42:17.605Z,buy
215,215.0,215.0,215.0,215.0,216.0,216.0,216.0,216.0,216.0,216.0,,,863.06,863.24,863.26,863.27,863.28,0.45003453,8.3377,8.3277,0.281,8.3277,863.03,863.0,862.95,862.84,862.83,1.0,7.9,0.1,0.01,0.1,863.04,,863.04,0.3006,0.3006,0.3006,2018-03-04T20:42:30.250Z,sell
216,216.0,216.0,216.0,216.0,217.0,217.0,217.0,217.0,217.0,217.0,,,863.06,863.24,863.26,863.27,863.28,0.45003453,8.3377,8.3277,0.281,8.3277,863.03,863.0,862.95,862.84,862.83,1.0,7.9,0.1,0.01,0.1,863.05,,863.05,0.46194768,0.46194768,0.46194768,2018-03-04T20:42:32.116Z,buy
217,217.0,217.0,217.0,217.0,218.0,218.0,218.0,218.0,218.0,218.0,,,863.06,863.24,863.26,863.27,863.28,0.45003453,8.3377,8.3277,0.281,8.3277,863.03,863.0,862.95,862.84,862.83,1.0,7.9,0.1,0.01,0.1,863.05,,863.05,0.46194768,0.46194768,0.46194768,2018-03-04T20:42:32.116Z,buy
218,218.0,218.0,218.0,218.0,219.0,219.0,219.0,219.0,219.0,219.0,,,863.06,863.24,863.26,863.27,863.28,0.45003453,8.3377,8.3277,0.281,8.3277,863.03,863.0,862.95,862.84,862.83,1.0,7.9,0.1,0.01,0.1,863.05,,863.05,0.46194768,0.46194768,0.46194768,2018-03-04T20:42:32.116Z,buy
219,219.0,219.0,219.0,219.0,220.0,220.0,220.0,220.0,220.0,220.0,,,863.06,863.24,863.26,863.27,863.28,0.45003453,8.3377,8.3277,0.281,8.3277,863.03,863.0,862.95,862.84,862.83,1.0,7.9,0.1,0.01,0.1,863.05,,863.05,0.46194768,0.46194768,0.46194768,2018-03-04T20:42:32.116Z,buy
220,220.0,220.0,220.0,220.0,221.0,221.0,221.0,221.0,221.0,221.0,,,863.06,863.24,863.26,863.27,863.28,0.45003453,8.3377,8.3277,0.281,8.3277,863.03,863.0,862.95,862.84,862.83,1.0,7.9,0.1,0.01,0.1,863.05,,863.05,0.46194768,0.46194768,0.46194768,2018-03-04T20:42:32.116Z,buy
221,221.0,221.0,221.0,221.0,222.0,222.0,222.0,222.0,222.0,222.0,,,863.06,863.24,863.26,863.27,863.28,0.45003453,8.3377,8.3277,0.281,8.3277,863.03,863.0,862.95,862.84,862.83,1.0,7.9,0.1,0.01,0.1,863.05,,863.05,0.46194768,0.46194768,0.46194768,2018-03-04T20:42:32.116Z,buy
222,222.0,222.0,222.0,222.0,223.0,223.0,223.0,223.0,223.0,223.0,,,863.06,863.24,863.26,863.27,863.28,0.45003453,8.3377,8.3277,0.281,8.3277,863.03,863.0,862.95,862.84,862.83,1.0,7.9,0.1,0.01,0.1,863.05,,863.05,0.46194768,0.46194768,0.46194768,2018-03-04T20:42:32.116Z,buy
223,223.0,223.0,223.0,223.0,224.0,224.0,224.0,224.0,224.0,224.0,,,863.06,863.24,863.26,863.27,863.28,0.45003453,8.3377,8.3277,0.281,8.3277,863.03,863.0,862.95,862.84,862.83,1.0,7.9,0.1,0.01,0.1,863.05,,863.05,0.0191,0.0191,0.0191,2018-03-04T20:42:42.152Z,buy
224,224.0,224.0,224.0,224.0,225.0,225.0,225.0,225.0,225.0,225.0,,,863.06,863.24,863.26,863.27,863.28,0.45003453,8.3377,8.3277,0.281,8.3277,863.03,863.0,862.95,862.83,862.79,1.0,7.9,0.1,0.11,0.02699,863.05,,863.05,0.0191,0.0191,0.0191,2018-03-04T20:42:42.152Z,buy
225,225.0,225.0,225.0,225.0,226.0,226.0,226.0,226.0,226.0,226.0,,,863.06,863.24,863.26,863.27,863.28,0.45003453,8.3377,8.3277,0.281,8.3277,863.03,863.0,862.95,862.84,862.83,1.0,7.9,0.1,0.01,0.1,863.05,,863.05,0.0191,0.0191,0.0191,2018-03-04T20:42:42.152Z,buy
226,226.0,226.0,226.0,226.0,227.0,227.0,227.0,227.0,227.0,227.0,,,863.06,863.24,863.26,863.27,863.28,0.45003453,8.3377,8.3277,0.281,8.3277,863.03,863.0,862.95,862.83,862.79,1.0,7.9,0.1,0.11,0.03699,863.05,,863.05,0.0191,0.0191,0.0191,2018-03-04T20:42:42.152Z,buy
227,227.0,227.0,227.0,227.0,228.0,228.0,228.0,228.0,228.0,228.0,,,863.06,863.24,863.26,863.27,863.28,0.45003453,8.3377,8.3277,0.281,8.3277,863.03,863.0,862.95,862.83,862.79,1.0,7.9,0.1,0.11,0.03699,863.05,,863.05,0.0191,0.0191,0.0191,2018-03-04T20:42:42.152Z,buy
228,228.0,228.0,228.0,228.0,229.0,229.0,229.0,229.0,229.0,229.0,,,863.06,863.24,863.26,863.27,863.28,0.45003453,8.3377,8.3277,0.281,8.3277,863.03,863.0,862.95,862.83,862.79,1.0,7.9,0.1,0.11,0.03699,863.05,,863.05,0.0191,0.0191,0.0191,2018-03-04T20:42:42.152Z,buy
229,229.0,229.0,229.0,229.0,230.0,230.0,230.0,230.0,230.0,230.0,,,863.06,863.24,863.25,863.26,863.27,0.4,8.3377,2.04,8.3277,0.281,863.03,863.0,862.95,862.83,862.79,1.0,7.9,0.1,0.11,0.03699,863.05,,863.05,0.0191,0.0191,0.0191,2018-03-04T20:42:42.152Z,buy
230,230.0,230.0,230.0,230.0,231.0,231.0,231.0,231.0,231.0,231.0,,,863.06,863.24,863.25,863.26,863.27,0.4,8.3377,2.04,8.3277,0.281,863.03,863.0,862.95,862.83,862.79,1.0,7.9,0.1,0.11,0.03699,863.05,,863.05,0.0191,0.0191,0.0191,2018-03-04T20:42:42.152Z,buy
231,231.0,231.0,231.0,231.0,232.0,232.0,232.0,232.0,232.0,232.0,,,863.06,863.24,863.26,863.27,863.28,0.4,8.3377,8.3277,0.281,8.3277,863.03,863.0,862.95,862.86,862.83,1.0,7.9,0.1,0.01,0.1,863.05,,863.05,0.3972,0.3972,0.3972,2018-03-04T20:42:53.756Z,buy
232,232.0,232.0,232.0,232.0,233.0,233.0,233.0,233.0,233.0,233.0,,,863.06,863.24,863.26,863.27,863.28,0.4,8.3377,8.3277,0.281,8.3277,863.03,863.0,862.95,862.83,862.79,1.0,7.9,0.1,0.11,0.03699,863.05,,863.05,0.36457454,0.36457454,0.36457454,2018-03-04T20:42:55.872Z,buy
233,233.0,233.0,233.0,233.0,234.0,234.0,234.0,234.0,234.0,234.0,,,863.06,863.24,863.26,863.27,863.28,0.4,8.3377,8.3277,0.281,8.3277,863.03,863.0,862.95,862.83,862.79,1.0,7.9,0.1,0.11,0.03699,863.05,,863.05,0.36457454,0.36457454,0.36457454,2018-03-04T20:42:55.872Z,buy
234,234.0,234.0,234.0,234.0,235.0,235.0,235.0,235.0,235.0,235.0,,,863.06,863.24,863.25,863.26,863.27,0.4,8.3377,2.04,8.3277,0.281,863.03,863.0,862.95,862.83,862.79,1.0,7.9,0.1,0.11,0.03699,863.05,,863.05,0.4620863,0.4620863,0.4620863,2018-03-04T20:42:57.363Z,buy
235,235.0,235.0,235.0,235.0,236.0,236.0,236.0,236.0,236.0,236.0,,,863.06,863.24,863.25,863.26,863.27,0.4,8.3377,2.04,8.3277,0.281,863.03,863.0,862.95,862.83,862.79,1.0,8.85843,0.1,0.11,0.03699,863.05,,863.05,0.4620863,0.4620863,0.4620863,2018-03-04T20:42:57.363Z,buy
236,236.0,236.0,236.0,236.0,237.0,237.0,237.0,237.0,237.0,237.0,,,863.06,863.24,863.26,863.27,863.28,0.4,8.3377,8.3277,0.281,8.3277,863.03,863.0,862.95,862.84,862.83,1.0,8.85843,0.1,0.01,0.1,863.05,,863.05,0.4620863,0.4620863,0.4620863,2018-03-04T20:42:57.363Z,buy
237,237.0,237.0,237.0,237.0,238.0,238.0,238.0,238.0,238.0,238.0,,,863.06,863.24,863.26,863.27,863.28,0.4,8.3377,8.3277,0.281,8.3277,863.03,863.0,862.95,862.84,862.83,1.0,8.85843,0.1,0.01,0.1,863.05,,863.05,0.4620863,0.4620863,0.4620863,2018-03-04T20:42:57.363Z,buy
238,238.0,238.0,238.0,238.0,239.0,239.0,239.0,239.0,239.0,239.0,,,863.06,863.24,863.26,863.27,863.28,0.4,8.3377,8.3277,0.281,8.3277,863.03,863.0,862.95,862.83,862.79,1.0,8.85843,0.1,0.11,0.03699,863.05,,863.05,0.4620863,0.4620863,0.4620863,2018-03-04T20:42:57.363Z,buy
239,239.0,239.0,239.0,239.0,240.0,240.0,240.0,240.0,240.0,240.0,,,863.06,863.24,863.26,863.27,863.28,0.41245267,8.3377,8.3277,0.281,8.3277,863.03,863.01,863.0,862.95,862.83,1.0,8.87048304,8.85843,0.1,0.11,863.05,,863.05,0.4620863,0.4620863,0.4620863,2018-03-04T20:42:57.363Z,buy
240,240.0,240.0,240.0,240.0,241.0,241.0,241.0,241.0,241.0,241.0,,,863.06,863.24,863.26,863.27,863.28,0.41245267,8.3377,8.3277,0.281,8.3277,863.03,863.0,862.95,862.84,862.83,1.0,8.85843,0.1,0.01,0.1,863.05,,863.05,0.4804,0.4804,0.4804,2018-03-04T20:43:06.457Z,buy
241,241.0,241.0,241.0,241.0,242.0,242.0,242.0,242.0,242.0,242.0,,,863.06,863.24,863.25,863.26,863.27,0.41245267,8.3377,2.04,8.3277,0.281,863.03,863.0,862.95,862.83,862.79,1.0,8.85843,0.1,0.11,0.03699,863.05,,863.05,0.4804,0.4804,0.4804,2018-03-04T20:43:06.457Z,buy
242,242.0,242.0,242.0,242.0,243.0,243.0,243.0,243.0,243.0,243.0,,,863.06,863.24,863.26,863.27,863.28,0.41245267,8.3377,8.3277,0.281,8.3277,863.03,863.0,862.95,862.84,862.83,1.0,8.85843,0.1,0.01,0.1,863.05,,863.05,0.4804,0.4804,0.4804,2018-03-04T20:43:06.457Z,buy
243,243.0,243.0,243.0,243.0,244.0,244.0,244.0,244.0,244.0,244.0,,,863.06,863.24,863.25,863.26,863.27,0.41245267,8.3377,2.04,8.3277,0.281,863.03,863.0,862.95,862.83,862.79,1.0,8.85843,0.1,0.11,0.03699,863.05,,863.05,0.4804,0.4804,0.4804,2018-03-04T20:43:06.457Z,buy
244,244.0,244.0,244.0,244.0,245.0,245.0,245.0,245.0,245.0,245.0,,,863.06,863.24,863.26,863.27,863.28,0.41245267,8.3377,8.3277,0.281,8.3277,863.03,863.0,862.95,862.83,862.79,1.0,8.85843,0.1,0.11,0.03699,863.05,,863.05,0.4804,0.4804,0.4804,2018-03-04T20:43:06.457Z,buy
245,245.0,245.0,245.0,245.0,246.0,246.0,246.0,246.0,246.0,246.0,,,863.06,863.24,863.25,863.26,863.27,0.41245267,8.3377,2.04,8.3277,0.281,863.03,863.0,862.95,862.83,862.79,1.0,8.85843,0.1,0.11,0.03699,863.05,,863.05,0.4804,0.4804,0.4804,2018-03-04T20:43:06.457Z,buy
246,246.0,246.0,246.0,246.0,247.0,247.0,247.0,247.0,247.0,247.0,,,863.06,863.24,863.26,863.27,863.28,0.41245267,8.3377,8.3277,0.281,8.3277,863.03,863.0,862.95,862.83,862.79,1.0,8.85843,0.1,0.11,0.03699,863.05,,863.05,0.4804,0.4804,0.4804,2018-03-04T20:43:06.457Z,buy
247,247.0,247.0,247.0,247.0,248.0,248.0,248.0,248.0,248.0,248.0,,,863.06,863.24,863.26,863.27,863.28,0.41245267,8.3377,8.3277,0.281,8.3277,863.03,863.0,862.95,862.84,862.83,1.0,8.85843,0.1,0.01,0.1,863.05,,863.05,0.4804,0.4804,0.4804,2018-03-04T20:43:06.457Z,buy
248,248.0,248.0,248.0,248.0,249.0,249.0,249.0,249.0,249.0,249.0,,,863.06,863.24,863.25,863.26,863.27,0.41245267,8.3377,2.04,8.3277,0.281,863.03,863.0,862.95,862.84,862.83,1.0,8.85843,0.1,0.01,0.1,863.05,,863.05,0.4971464,0.4971464,0.4971464,2018-03-04T20:43:17.325Z,buy
249,249.0,249.0,249.0,249.0,250.0,250.0,250.0,250.0,250.0,250.0,,,863.06,863.24,863.25,863.26,863.27,0.41245267,8.3377,2.04,8.3277,0.281,863.03,863.0,862.95,862.83,862.79,1.0,8.85843,0.1,0.11,0.03699,863.05,,863.05,0.4971464,0.4971464,0.4971464,2018-03-04T20:43:17.325Z,buy
250,250.0,250.0,250.0,250.0,251.0,251.0,251.0,251.0,251.0,251.0,,,863.06,863.24,863.26,863.27,863.28,0.41245267,8.3377,8.3277,0.281,8.3277,863.03,863.0,862.95,862.84,862.83,1.0,8.85843,0.1,0.01,0.1,863.05,,863.05,0.4971464,0.4971464,0.4971464,2018-03-04T20:43:17.325Z,buy
251,251.0,251.0,251.0,251.0,252.0,252.0,252.0,252.0,252.0,252.0,,,863.06,863.24,863.26,863.27,863.28,0.41245267,8.3377,8.3277,0.281,8.3277,863.03,863.0,862.95,862.84,862.83,1.0,8.85843,0.1,0.01,0.1,863.05,,863.05,0.4971464,0.4971464,0.4971464,2018-03-04T20:43:17.325Z,buy
252,252.0,252.0,252.0,252.0,253.0,253.0,253.0,253.0,253.0,253.0,,,863.06,863.24,863.25,863.26,863.27,0.41245267,8.3377,2.04,8.3277,0.281,863.03,863.0,862.95,862.83,862.79,1.0,8.85843,0.1,0.11,0.03699,863.05,,863.05,0.4971464,0.4971464,0.4971464,2018-03-04T20:43:17.325Z,buy
253,253.0,253.0,253.0,253.0,254.0,254.0,254.0,254.0,254.0,254.0,,,863.06,863.24,863.25,863.26,863.27,0.41245267,8.3377,2.04,8.3277,0.281,863.03,863.0,862.95,862.83,862.79,1.0,8.85843,0.1,0.11,0.03699,863.05,,863.05,0.4971464,0.4971464,0.4971464,2018-03-04T20:43:17.325Z,buy
254,254.0,254.0,254.0,254.0,255.0,255.0,255.0,255.0,255.0,255.0,,,863.06,863.24,863.26,863.27,863.28,0.41245267,8.3377,8.3277,0.281,8.3277,863.03,863.01,863.0,862.95,862.83,1.0,8.87048304,8.85843,0.1,0.11,863.05,,863.05,0.4971464,0.4971464,0.4971464,2018-03-04T20:43:17.325Z,buy
255,255.0,255.0,255.0,255.0,256.0,256.0,256.0,256.0,256.0,256.0,,,863.06,863.24,863.26,863.27,863.28,0.41245267,8.3377,8.3277,0.281,8.3277,863.03,863.0,862.95,862.83,862.79,1.0,8.85843,0.1,0.11,0.03699,863.05,,863.05,0.4971464,0.4971464,0.4971464,2018-03-04T20:43:17.325Z,buy
256,256.0,256.0,256.0,256.0,257.0,257.0,257.0,257.0,257.0,257.0,,,863.06,863.24,863.26,863.27,863.28,0.41245267,8.3377,8.3277,0.281,8.3277,863.03,863.01,863.0,862.95,862.83,1.0,8.87048304,8.85843,0.1,0.11,863.05,,863.05,0.4971464,0.4971464,0.4971464,2018-03-04T20:43:17.325Z,buy
257,257.0,257.0,257.0,257.0,258.0,258.0,258.0,258.0,258.0,258.0,,,863.06,863.24,863.25,863.26,863.27,0.41245267,8.3377,2.04,8.3277,0.281,863.03,863.0,862.95,862.84,862.83,1.0,8.85843,0.1,0.01,0.1,863.05,,863.05,1.26347012,1.26347012,1.26347012,2018-03-04T20:43:30.986Z,buy
258,258.0,258.0,258.0,258.0,259.0,259.0,259.0,259.0,259.0,259.0,,,863.06,863.24,863.25,863.26,863.27,0.41245267,8.3377,2.04,8.3277,0.281,863.03,863.0,862.95,862.84,862.83,1.0,8.85843,0.1,0.01,0.1,863.05,,863.05,1.26347012,1.26347012,1.26347012,2018-03-04T20:43:30.986Z,buy
259,259.0,259.0,259.0,259.0,260.0,260.0,260.0,260.0,260.0,260.0,,,863.06,863.24,863.25,863.26,863.27,0.41245267,8.3377,2.04,8.3277,0.281,863.03,863.0,862.95,862.84,862.83,1.0,8.85843,0.1,0.01,0.1,863.05,,863.05,1.26347012,1.26347012,1.26347012,2018-03-04T20:43:30.986Z,buy
260,260.0,260.0,260.0,260.0,261.0,261.0,261.0,261.0,261.0,261.0,,,863.06,863.24,863.26,863.27,863.28,0.41245267,8.3377,8.3277,0.281,8.3277,863.03,863.0,862.95,862.91,862.83,1.0,8.85843,0.1,0.01,0.1,863.05,,863.05,1.26347012,1.26347012,1.26347012,2018-03-04T20:43:30.986Z,buy
261,261.0,261.0,261.0,261.0,262.0,262.0,262.0,262.0,262.0,262.0,,,863.06,863.24,863.26,863.27,863.28,0.41245267,8.3377,8.3277,0.281,8.3277,863.03,863.0,862.95,862.91,862.83,1.0,8.85843,0.1,0.01,0.1,863.05,,863.05,1.26347012,1.26347012,1.26347012,2018-03-04T20:43:30.986Z,buy
262,262.0,262.0,262.0,262.0,263.0,263.0,263.0,263.0,263.0,263.0,,,863.06,863.24,863.26,863.27,863.28,0.41245267,8.3377,8.3277,0.281,8.3277,863.03,863.0,862.95,862.91,862.83,1.0,8.85843,0.1,0.01,0.1,863.05,,863.05,1.26347012,1.26347012,1.26347012,2018-03-04T20:43:30.986Z,buy
263,263.0,263.0,263.0,263.0,264.0,264.0,264.0,264.0,264.0,264.0,,,863.06,863.24,863.26,863.27,863.28,0.41245267,8.3377,8.3277,0.281,8.3277,863.03,863.0,862.95,862.91,862.83,1.0,8.85843,0.1,0.01,0.1,863.05,,863.05,1.26347012,1.26347012,1.26347012,2018-03-04T20:43:30.986Z,buy
264,264.0,264.0,264.0,264.0,265.0,265.0,265.0,265.0,265.0,265.0,,,863.06,863.24,863.26,863.27,863.28,0.41245267,8.3377,8.3277,0.281,8.3277,863.03,863.0,862.95,862.91,862.83,1.0,8.85843,0.1,0.01,0.1,863.05,,863.05,0.017956,0.017956,0.017956,2018-03-04T20:43:42.460Z,buy
265,265.0,265.0,265.0,265.0,266.0,266.0,266.0,266.0,266.0,266.0,,,863.06,863.24,863.26,863.27,863.28,0.41245267,8.3377,8.3277,0.281,8.3277,863.03,863.0,862.95,862.93,862.83,1.0,8.85843,0.1,0.01,0.1,863.05,,863.05,1.813484,1.813484,1.813484,2018-03-04T20:43:42.460Z,buy
266,266.0,266.0,266.0,266.0,267.0,267.0,267.0,267.0,267.0,267.0,,,863.06,863.24,863.26,863.27,863.28,0.41245267,8.3377,8.3277,0.281,8.3277,863.03,863.0,862.95,862.93,862.83,1.0,8.85843,0.1,0.01,0.1,863.05,,863.05,1.813484,1.813484,1.813484,2018-03-04T20:43:42.460Z,buy
267,267.0,267.0,267.0,267.0,268.0,268.0,268.0,268.0,268.0,268.0,,,863.06,863.24,863.26,863.27,863.28,0.41245267,8.3377,8.3277,0.281,8.3277,863.03,863.0,862.95,862.93,862.83,1.0,8.85843,0.1,0.01,0.1,863.05,,863.05,1.813484,1.813484,1.813484,2018-03-04T20:43:42.460Z,buy
268,268.0,268.0,268.0,268.0,269.0,269.0,269.0,269.0,269.0,269.0,,,863.06,863.24,863.26,863.27,863.28,0.41245267,8.3377,8.3277,0.281,8.3277,863.03,863.0,862.95,862.93,862.83,1.0,8.85843,0.1,0.01,0.1,863.05,,863.05,1.813484,1.813484,1.813484,2018-03-04T20:43:42.460Z,buy
269,269.0,269.0,269.0,269.0,270.0,270.0,270.0,270.0,270.0,270.0,,,863.24,863.26,863.27,863.28,863.3,8.13216876,8.3277,0.281,8.3277,4.6530000000000005,863.03,863.0,862.95,862.9,862.83,1.0,8.85843,0.1,0.01,0.1,863.24,,863.24,0.20553124,0.20553124,0.20553124,2018-03-04T20:43:47.973Z,buy
270,270.0,270.0,270.0,270.0,271.0,271.0,271.0,271.0,271.0,271.0,,,863.23,863.24,863.26,863.27,863.28,0.017955000000000002,8.13216876,8.3277,0.281,8.3277,863.03,863.0,862.95,862.9,862.83,1.0,8.85843,0.1,0.01,0.1,863.24,,863.24,0.20553124,0.20553124,0.20553124,2018-03-04T20:43:47.973Z,buy
271,271.0,271.0,271.0,271.0,272.0,272.0,272.0,272.0,272.0,272.0,,,863.22,863.23,863.24,863.26,863.27,0.011003,0.017955000000000002,8.13216876,8.3277,0.281,863.03,863.0,862.95,862.93,862.83,1.0,8.85843,0.1,0.01,0.1,863.24,,863.24,0.20553124,0.20553124,0.20553124,2018-03-04T20:43:47.973Z,buy
272,272.0,272.0,272.0,272.0,273.0,273.0,273.0,273.0,273.0,273.0,,,863.21,863.22,863.23,863.24,863.26,0.011004,0.011003,0.017955000000000002,8.13216876,8.3277,863.03,863.0,862.95,862.93,862.83,1.0,8.85843,0.1,0.01,0.1,863.24,,863.24,0.20553124,0.20553124,0.20553124,2018-03-04T20:43:47.973Z,buy
273,273.0,273.0,273.0,273.0,274.0,274.0,274.0,274.0,274.0,274.0,,,863.25,863.26,863.27,863.28,863.3,0.011001,8.3277,0.281,8.3277,4.6530000000000005,863.21,863.2,863.05,863.04,863.03,5.7879999999999985,20.0,1.8,22.54231059,1.01,863.24,,863.24,0.05322824,0.05322824,0.05322824,2018-03-04T20:43:53.767Z,buy
274,274.0,274.0,274.0,274.0,275.0,275.0,275.0,275.0,275.0,275.0,,,863.25,863.26,863.27,863.28,863.3,0.011001,8.3277,0.281,8.3277,4.6530000000000005,863.21,863.2,863.05,863.04,863.03,5.7879999999999985,20.0,1.8,22.54231059,1.01,863.24,,863.24,0.05322824,0.05322824,0.05322824,2018-03-04T20:43:53.767Z,buy
275,275.0,275.0,275.0,275.0,276.0,276.0,276.0,276.0,276.0,276.0,,,863.25,863.26,863.27,863.28,863.3,0.011001,8.3277,0.281,8.3277,4.6530000000000005,863.21,863.2,863.05,863.04,863.03,5.7879999999999985,20.0,1.8,22.54231059,1.01,863.24,,863.24,0.05322824,0.05322824,0.05322824,2018-03-04T20:43:53.767Z,buy
276,276.0,276.0,276.0,276.0,277.0,277.0,277.0,277.0,277.0,277.0,,,863.25,863.26,863.27,863.28,863.3,0.011001,8.3277,0.281,8.3277,4.6530000000000005,863.21,863.2,863.05,863.04,863.03,5.7879999999999985,20.0,1.8,22.54231059,1.01,863.24,,863.24,0.05322824,0.05322824,0.05322824,2018-03-04T20:43:53.767Z,buy
277,277.0,277.0,277.0,277.0,278.0,278.0,278.0,278.0,278.0,278.0,,,863.25,863.26,863.27,863.28,863.3,0.011001,8.3277,0.281,8.3277,4.6530000000000005,863.21,863.2,863.05,863.04,863.03,5.7879999999999985,20.0,1.8,22.54231059,1.01,863.24,,863.24,0.05322824,0.05322824,0.05322824,2018-03-04T20:43:53.767Z,buy
278,278.0,278.0,278.0,278.0,279.0,279.0,279.0,279.0,279.0,279.0,,,863.25,863.26,863.27,863.28,863.3,0.011001,8.3277,0.281,8.3277,4.6530000000000005,863.21,863.2,863.05,863.04,863.03,5.7879999999999985,20.0,1.8,22.54231059,1.01,863.24,,863.24,0.05322824,0.05322824,0.05322824,2018-03-04T20:43:53.767Z,buy
279,279.0,279.0,279.0,279.0,280.0,280.0,280.0,280.0,280.0,280.0,,,863.25,863.26,863.27,863.28,863.3,0.011001,8.3277,0.281,8.3277,4.6530000000000005,863.21,863.2,863.05,863.04,863.03,5.7879999999999985,20.0,1.8,22.54231059,1.01,863.24,,863.24,0.05322824,0.05322824,0.05322824,2018-03-04T20:43:53.767Z,buy
280,280.0,280.0,280.0,280.0,281.0,281.0,281.0,281.0,281.0,281.0,,,863.25,863.26,863.27,863.28,863.3,0.011001,8.3277,0.281,8.3277,4.6530000000000005,863.21,863.2,863.05,863.04,863.03,5.7879999999999985,20.0,1.8,22.54231059,1.01,863.24,,863.24,0.4502,0.4502,0.4502,2018-03-04T20:44:07.179Z,buy
281,281.0,281.0,281.0,281.0,282.0,282.0,282.0,282.0,282.0,282.0,,,863.25,863.26,863.27,863.28,863.3,0.011001,8.3277,0.281,8.3277,4.6530000000000005,863.21,863.2,863.04,863.03,863.0,5.7879999999999985,20.0,22.54231059,1.01,8.85843,863.24,,863.24,0.4502,0.4502,0.4502,2018-03-04T20:44:07.179Z,buy
282,282.0,282.0,282.0,282.0,283.0,283.0,283.0,283.0,283.0,283.0,,,863.25,863.26,863.27,863.28,863.3,0.011001,8.3277,0.281,8.3277,4.6530000000000005,863.21,863.2,863.04,863.03,863.0,5.7879999999999985,20.0,22.54231059,1.01,8.85843,863.24,,863.24,0.4502,0.4502,0.4502,2018-03-04T20:44:07.179Z,buy
283,283.0,283.0,283.0,283.0,284.0,284.0,284.0,284.0,284.0,284.0,,,863.25,863.26,863.27,863.28,863.3,0.011001,8.3277,0.281,8.3277,4.6530000000000005,863.21,863.2,863.04,863.03,863.0,5.7879999999999985,20.0,22.54231059,1.01,8.85843,863.24,,863.24,0.4502,0.4502,0.4502,2018-03-04T20:44:07.179Z,buy
284,284.0,284.0,284.0,284.0,285.0,285.0,285.0,285.0,285.0,285.0,,,863.25,863.26,863.27,863.28,863.3,0.011001,8.3277,0.281,8.3277,4.6530000000000005,863.21,863.2,863.04,863.03,863.0,5.7879999999999985,20.0,22.54231059,1.01,8.85843,863.24,,863.24,0.4502,0.4502,0.4502,2018-03-04T20:44:07.179Z,buy
285,285.0,285.0,285.0,285.0,286.0,286.0,286.0,286.0,286.0,286.0,,,863.25,863.26,863.27,863.28,863.3,0.011001,8.3277,0.281,8.3277,4.6530000000000005,863.21,863.2,863.04,863.03,863.0,5.7879999999999985,20.0,22.54231059,1.01,8.85843,863.24,,863.24,0.4502,0.4502,0.4502,2018-03-04T20:44:07.179Z,buy
286,286.0,286.0,286.0,286.0,287.0,287.0,287.0,287.0,287.0,287.0,,,863.25,863.26,863.27,863.28,863.3,0.011001,8.3277,0.281,8.3277,4.6530000000000005,863.21,863.2,863.04,863.03,863.0,5.7879999999999985,20.0,22.54231059,1.01,8.85843,863.24,,863.24,0.4502,0.4502,0.4502,2018-03-04T20:44:07.179Z,buy
287,287.0,287.0,287.0,287.0,288.0,288.0,288.0,288.0,288.0,288.0,,,863.25,863.26,863.27,863.28,863.3,0.011001,8.3277,0.281,8.3277,4.6530000000000005,863.21,863.2,863.04,863.03,863.0,5.7879999999999985,20.0,22.54231059,1.01,8.85843,863.23,,863.23,0.0092,0.0092,0.0092,2018-03-04T20:44:19.534Z,sell
288,288.0,288.0,288.0,288.0,289.0,289.0,289.0,289.0,289.0,289.0,,,863.25,863.26,863.27,863.28,863.3,0.011001,8.3277,0.281,8.3277,4.6530000000000005,863.21,863.2,863.04,863.03,863.0,5.7879999999999985,20.0,22.54231059,1.01,8.85843,863.24,,863.24,0.03816732,0.03816732,0.03816732,2018-03-04T20:44:20.927Z,buy
289,289.0,289.0,289.0,289.0,290.0,290.0,290.0,290.0,290.0,290.0,,,863.25,863.26,863.27,863.28,863.3,0.011001,8.3277,0.281,8.3277,4.6530000000000005,863.21,863.2,863.04,863.03,863.0,5.7879999999999985,20.0,22.54231059,1.01,8.85843,863.24,,863.24,0.03816732,0.03816732,0.03816732,2018-03-04T20:44:20.927Z,buy
290,290.0,290.0,290.0,290.0,291.0,291.0,291.0,291.0,291.0,291.0,,,863.25,863.26,863.27,863.28,863.3,0.011001,8.3277,0.281,8.3277,4.6530000000000005,863.21,863.2,863.04,863.03,863.0,5.7879999999999985,20.0,22.54231059,1.01,8.85843,863.24,,863.24,0.03816732,0.03816732,0.03816732,2018-03-04T20:44:20.927Z,buy
291,291.0,291.0,291.0,291.0,292.0,292.0,292.0,292.0,292.0,292.0,,,863.25,863.26,863.27,863.28,863.3,0.011001,8.3277,0.281,8.3277,4.6530000000000005,863.21,863.2,863.04,863.03,863.0,5.7879999999999985,20.0,22.54231059,1.01,8.85843,863.24,,863.24,0.03816732,0.03816732,0.03816732,2018-03-04T20:44:20.927Z,buy
292,292.0,292.0,292.0,292.0,293.0,293.0,293.0,293.0,293.0,293.0,,,863.25,863.26,863.27,863.28,863.3,0.011001,8.3277,0.281,8.3277,4.6530000000000005,863.21,863.2,863.04,863.03,863.0,5.7879999999999985,20.0,22.54231059,1.01,8.85843,863.24,,863.24,0.03816732,0.03816732,0.03816732,2018-03-04T20:44:20.927Z,buy
293,293.0,293.0,293.0,293.0,294.0,294.0,294.0,294.0,294.0,294.0,,,863.25,863.26,863.27,863.28,863.3,0.011001,8.3277,0.281,8.3277,4.6530000000000005,863.21,863.04,863.03,863.0,862.95,5.7879999999999985,22.54231059,1.01,8.85843,0.1,863.24,,863.24,0.03816732,0.03816732,0.03816732,2018-03-04T20:44:20.927Z,buy
294,294.0,294.0,294.0,294.0,295.0,295.0,295.0,295.0,295.0,295.0,,,863.25,863.26,863.27,863.28,863.3,0.011001,8.3277,0.281,8.3277,4.6530000000000005,863.04,863.03,863.0,862.95,862.83,2.54231059,1.01,8.85843,0.1,0.1,863.24,,863.24,0.03816732,0.03816732,0.03816732,2018-03-04T20:44:20.927Z,buy
295,295.0,295.0,295.0,295.0,296.0,296.0,296.0,296.0,296.0,296.0,,,863.25,863.26,863.27,863.28,863.3,0.011001,8.3277,0.281,8.3277,4.6530000000000005,863.04,863.03,863.0,862.95,862.83,2.54231059,1.01,8.85843,0.1,0.1,863.24,,863.24,0.03816732,0.03816732,0.03816732,2018-03-04T20:44:20.927Z,buy
296,296.0,296.0,296.0,296.0,297.0,297.0,297.0,297.0,297.0,297.0,,,863.25,863.26,863.27,863.28,863.3,0.011001,8.3277,0.281,8.3277,4.6530000000000005,863.04,863.03,863.0,862.95,862.83,2.55231059,1.0,8.85843,0.1,0.1,863.24,,863.24,0.00249532,0.00249532,0.00249532,2018-03-04T20:44:31.414Z,buy
297,297.0,297.0,297.0,297.0,298.0,298.0,298.0,298.0,298.0,298.0,,,863.25,863.26,863.27,863.28,863.3,0.011001,8.3277,0.281,8.3277,4.6530000000000005,863.04,863.03,863.0,862.95,862.83,2.54231059,1.01,8.85843,0.1,0.1,863.24,,863.24,0.00249532,0.00249532,0.00249532,2018-03-04T20:44:31.414Z,buy
298,298.0,298.0,298.0,298.0,299.0,299.0,299.0,299.0,299.0,299.0,,,863.25,863.26,863.27,863.28,863.3,0.011001,8.3277,0.281,8.3277,4.6530000000000005,863.04,863.03,863.0,862.95,862.83,2.54231059,1.01,8.85843,0.1,0.1,863.24,,863.24,0.00249532,0.00249532,0.00249532,2018-03-04T20:44:31.414Z,buy
299,299.0,299.0,299.0,299.0,300.0,300.0,300.0,300.0,300.0,300.0,,,863.25,863.26,863.28,863.3,863.31,0.011001,6.2941,8.3277,4.6530000000000005,3.9657,863.04,863.03,863.0,862.95,862.83,2.54231059,1.01,8.85843,0.1,0.1,863.24,,863.24,0.00249532,0.00249532,0.00249532,2018-03-04T20:44:31.414Z,buy
300,300.0,300.0,300.0,300.0,301.0,301.0,301.0,301.0,301.0,301.0,,,863.25,863.26,863.28,863.3,863.31,0.011001,5.5003,6.9655,4.6530000000000005,3.9657,863.04,863.03,863.0,862.95,862.83,2.55231059,1.0,8.85843,0.1,0.1,863.24,,863.24,0.00249532,0.00249532,0.00249532,2018-03-04T20:44:31.414Z,buy
301,301.0,301.0,301.0,301.0,302.0,302.0,302.0,302.0,302.0,302.0,,,863.25,863.26,863.28,863.3,863.31,0.011001,5.0271,5.5003,4.6530000000000005,3.6847,863.04,863.03,863.0,862.95,862.83,2.55231059,1.0,8.85843,0.1,0.1,863.24,,863.24,0.00249532,0.00249532,0.00249532,2018-03-04T20:44:31.414Z,buy
302,302.0,302.0,302.0,302.0,303.0,303.0,303.0,303.0,303.0,303.0,,,863.25,863.26,863.28,863.3,863.31,0.011001,2.7218,5.5003,3.8592,2.3225,863.04,863.03,863.0,862.95,862.83,2.55231059,1.0,8.85843,0.1,0.1,863.24,,863.24,0.00249532,0.00249532,0.00249532,2018-03-04T20:44:31.414Z,buy
303,303.0,303.0,303.0,303.0,304.0,304.0,304.0,304.0,304.0,304.0,,,863.25,863.28,863.3,863.31,863.38,0.011003,4.664,3.8592,1.6511,0.01,863.04,863.03,863.0,862.95,862.83,2.55231059,1.0,8.85843,0.1,0.1,863.24,,863.24,0.00249532,0.00249532,0.00249532,2018-03-04T20:44:31.414Z,buy
304,304.0,304.0,304.0,304.0,305.0,305.0,305.0,305.0,305.0,305.0,,,863.27,863.3,863.31,863.38,863.39,0.011003,3.2323,1.6511,0.01,11.7581,863.08,863.04,863.03,863.0,862.95,0.01,2.54231059,1.0,8.85843,0.1,863.24,,863.24,0.016794,0.016794,0.016794,2018-03-04T20:44:43.114Z,buy
305,305.0,305.0,305.0,305.0,306.0,306.0,306.0,306.0,306.0,306.0,,,863.27,863.3,863.31,863.38,863.39,0.011003,0.01,1.0691,0.01,8.4575,863.1,863.04,863.03,863.0,862.95,0.01,2.54231059,1.0,8.85843,0.1,863.24,,863.24,0.94569938,0.94569938,0.94569938,2018-03-04T20:44:43.114Z,buy
306,306.0,306.0,306.0,306.0,307.0,307.0,307.0,307.0,307.0,307.0,,,863.27,863.29,863.3,863.38,863.39,0.011003,0.016794,0.01,0.01,6.9436,863.11,863.04,863.03,863.0,862.95,0.01,2.54231059,1.0,8.85843,0.1,863.24,,863.24,0.94569938,0.94569938,0.94569938,2018-03-04T20:44:43.114Z,buy
307,307.0,307.0,307.0,307.0,308.0,308.0,308.0,308.0,308.0,308.0,,,863.27,863.28,863.29,863.3,863.38,0.011003,0.028379,0.016794,0.01,0.01,863.11,863.04,863.03,863.0,862.95,0.01,2.54231059,1.0,8.85843,0.1,863.24,,863.24,0.94569938,0.94569938,0.94569938,2018-03-04T20:44:43.114Z,buy
308,308.0,308.0,308.0,308.0,309.0,309.0,309.0,309.0,309.0,309.0,,,863.27,863.28,863.29,863.3,863.38,0.011003,0.028379,0.016794,0.01,0.01,863.12,863.04,863.03,863.0,862.95,0.01,2.54231059,1.0,8.85843,0.1,863.24,,863.24,0.94569938,0.94569938,0.94569938,2018-03-04T20:44:43.114Z,buy
309,309.0,309.0,309.0,309.0,310.0,310.0,310.0,310.0,310.0,310.0,,,863.27,863.28,863.29,863.3,863.38,0.011003,0.028379,0.016794,0.01,0.01,863.14,863.04,863.03,863.0,862.95,0.01,2.54231059,1.0,8.85843,0.1,863.24,,863.24,0.94569938,0.94569938,0.94569938,2018-03-04T20:44:43.114Z,buy
310,310.0,310.0,310.0,310.0,311.0,311.0,311.0,311.0,311.0,311.0,,,863.27,863.28,863.29,863.3,863.38,0.011003,0.028379,0.016794,0.01,0.01,863.16,863.04,863.03,863.0,862.95,0.01,2.54231059,1.0,8.85843,0.1,863.24,,863.24,0.94569938,0.94569938,0.94569938,2018-03-04T20:44:43.114Z,buy
311,311.0,311.0,311.0,311.0,312.0,312.0,312.0,312.0,312.0,312.0,,,863.27,863.28,863.29,863.3,863.38,0.011003,0.028379,0.016794,0.01,0.01,863.18,863.04,863.03,863.0,862.95,0.01,2.54231059,1.0,8.85843,0.1,863.24,,863.24,0.94569938,0.94569938,0.94569938,2018-03-04T20:44:43.114Z,buy
312,312.0,312.0,312.0,312.0,313.0,313.0,313.0,313.0,313.0,313.0,,,863.27,863.28,863.29,863.3,863.38,0.011003,0.028379,0.016794,0.01,0.01,863.04,863.03,863.0,862.95,862.83,2.54231059,1.0,8.85843,0.1,0.1,863.24,,863.24,0.94569938,0.94569938,0.94569938,2018-03-04T20:44:43.114Z,buy
313,313.0,313.0,313.0,313.0,314.0,314.0,314.0,314.0,314.0,314.0,,,863.27,863.28,863.29,863.3,863.38,0.011003,0.028379,0.016794,0.01,0.01,863.04,863.03,863.0,862.95,862.83,2.54231059,1.0,8.85843,0.1,0.1,863.24,,863.24,0.94569938,0.94569938,0.94569938,2018-03-04T20:44:43.114Z,buy
314,314.0,314.0,314.0,314.0,315.0,315.0,315.0,315.0,315.0,315.0,,,863.95,863.96,863.99,864.0,864.01,0.02,0.23629422,1.8,8.5,0.01,863.41,863.4,863.25,863.24,863.23,8.98048304,20.0,2.04,0.02,27.59710693,863.58,,863.58,0.338,0.338,0.338,2018-03-04T20:44:57.265Z,buy
315,315.0,315.0,315.0,315.0,316.0,316.0,316.0,316.0,316.0,316.0,,,863.95,863.98,864.0,864.04,864.07,0.02,0.22581422,8.5,0.1,50.0,863.68,863.5,863.43,863.42,863.24,0.01,51.37,2.04,0.27713426,0.02,863.96,,863.96,0.07418578,0.07418578,0.07418578,2018-03-04T20:44:57.265Z,buy
316,316.0,316.0,316.0,316.0,317.0,317.0,317.0,317.0,317.0,317.0,,,863.94,863.95,863.99,864.0,864.04,0.010995,0.02,0.22581422,8.5,0.1,863.76,863.62,863.5,863.24,863.23,20.0,0.01,1.8,5.806,22.97066881,863.96,,863.96,0.07418578,0.07418578,0.07418578,2018-03-04T20:44:57.265Z,buy
317,317.0,317.0,317.0,317.0,318.0,318.0,318.0,318.0,318.0,318.0,,,863.89,863.94,863.95,863.99,864.0,20.0,0.010995,0.02,0.22581422,8.5,863.76,863.62,863.5,863.24,863.23,20.0,0.01,1.8,0.02,2.97066881,863.96,,863.96,0.07418578,0.07418578,0.07418578,2018-03-04T20:44:57.265Z,buy
318,318.0,318.0,318.0,318.0,319.0,319.0,319.0,319.0,319.0,319.0,,,863.94,863.95,863.99,864.0,864.04,0.010995,0.02,0.22581422,8.5,0.1,863.76,863.62,863.5,863.24,863.23,20.0,0.01,1.8,0.02,2.97066881,863.89,,863.89,0.05426592,0.05426592,0.05426592,2018-03-04T20:45:03.467Z,buy
319,319.0,319.0,319.0,319.0,320.0,320.0,320.0,320.0,320.0,320.0,,,863.89,863.94,863.95,863.99,864.0,19.94573408,0.010995,0.02,0.22581422,8.5,863.76,863.62,863.5,863.24,863.23,20.0,0.01,1.8,0.02,2.97066881,863.89,,863.89,0.05426592,0.05426592,0.05426592,2018-03-04T20:45:03.467Z,buy
320,320.0,320.0,320.0,320.0,321.0,321.0,321.0,321.0,321.0,321.0,,,863.88,863.89,863.94,863.95,863.99,0.010996,19.94573408,0.010995,0.02,0.22581422,863.76,863.62,863.5,863.24,863.23,20.0,0.01,1.8,0.02,2.85313289,863.89,,863.89,0.05426592,0.05426592,0.05426592,2018-03-04T20:45:03.467Z,buy
321,321.0,321.0,321.0,321.0,322.0,322.0,322.0,322.0,322.0,322.0,,,863.87,863.88,863.89,863.94,863.95,0.012154,0.010996,19.94573408,0.010995,0.02,863.76,863.62,863.5,863.24,863.23,20.0,0.01,1.8,0.02,2.85313289,863.89,,863.89,0.05426592,0.05426592,0.05426592,2018-03-04T20:45:03.467Z,buy
322,322.0,322.0,322.0,322.0,323.0,323.0,323.0,323.0,323.0,323.0,,,863.87,863.88,863.89,863.94,863.95,0.012154,0.010996,19.94573408,0.010995,0.02,863.76,863.62,863.5,863.24,863.23,20.0,0.01,1.8,0.03,1.35313289,863.89,,863.89,0.05426592,0.05426592,0.05426592,2018-03-04T20:45:03.467Z,buy
323,323.0,323.0,323.0,323.0,324.0,324.0,324.0,324.0,324.0,324.0,,,863.87,863.88,863.89,863.94,863.95,0.012154,0.010996,19.94573408,0.010995,0.02,863.81,863.77,863.66,863.5,863.24,44.18,0.49,0.01,1.8,0.03,863.89,,863.89,0.05426592,0.05426592,0.05426592,2018-03-04T20:45:03.467Z,buy
324,324.0,324.0,324.0,324.0,325.0,325.0,325.0,325.0,325.0,325.0,,,863.94,863.95,863.99,864.0,864.04,0.010995,0.02,0.22581422,8.5,7.4278,863.66,863.5,863.24,863.23,863.19,0.01,1.8,0.03,1.35313289,0.01,863.89,,863.89,0.659075,0.659075,0.659075,2018-03-04T20:45:11.105Z,buy
325,325.0,325.0,325.0,325.0,326.0,326.0,326.0,326.0,326.0,326.0,,,863.89,863.94,863.95,863.99,864.0,19.29748908,0.010995,0.02,0.22581422,8.5,863.85,863.67,863.5,863.24,863.23,20.64669965,0.01,1.8,0.03,1.35313289,863.89,,863.89,0.659075,0.659075,0.659075,2018-03-04T20:45:11.105Z,buy
326,326.0,326.0,326.0,326.0,327.0,327.0,327.0,327.0,327.0,327.0,,,863.89,863.94,863.95,863.99,864.0,19.28665908,0.010995,0.02,0.22581422,8.5,863.85,863.67,863.24,863.23,863.19,20.64669965,0.01,0.03,1.35313289,0.01,863.89,,863.89,0.659075,0.659075,0.659075,2018-03-04T20:45:11.105Z,buy
327,327.0,327.0,327.0,327.0,328.0,328.0,328.0,328.0,328.0,328.0,,,863.88,863.89,863.9,863.94,863.95,0.020256,19.28665908,0.2339,0.010995,0.02,863.85,863.67,863.24,863.23,863.19,20.64669965,0.01,0.03,1.35313289,0.01,863.89,,863.89,0.659075,0.659075,0.659075,2018-03-04T20:45:11.105Z,buy
328,328.0,328.0,328.0,328.0,329.0,329.0,329.0,329.0,329.0,329.0,,,863.88,863.89,863.9,863.94,863.95,0.020256,19.28665908,0.2339,0.010995,0.02,863.85,863.67,863.24,863.23,863.19,20.64669965,0.01,0.03,1.35313289,0.01,863.89,,863.89,0.659075,0.659075,0.659075,2018-03-04T20:45:11.105Z,buy
329,329.0,329.0,329.0,329.0,330.0,330.0,330.0,330.0,330.0,330.0,,,863.88,863.89,863.9,863.94,863.95,0.020256,19.28665908,0.2339,0.010995,0.02,863.85,863.67,863.24,863.23,863.19,20.64669965,0.01,0.03,1.35313289,0.01,863.89,,863.89,0.659075,0.659075,0.659075,2018-03-04T20:45:11.105Z,buy
330,330.0,330.0,330.0,330.0,331.0,331.0,331.0,331.0,331.0,331.0,,,863.88,863.89,863.9,863.94,863.95,0.020256,19.28665908,0.2339,0.010995,0.02,863.85,863.67,863.24,863.23,863.19,20.64669965,0.01,0.03,1.35313289,0.01,863.89,,863.89,0.659075,0.659075,0.659075,2018-03-04T20:45:11.105Z,buy
331,331.0,331.0,331.0,331.0,332.0,332.0,332.0,332.0,332.0,332.0,,,863.88,863.89,863.9,863.94,863.95,0.020256,19.28665908,0.2339,0.010995,0.02,863.85,863.67,863.24,863.23,863.19,20.64669965,0.01,0.03,1.35313289,0.01,863.89,,863.89,0.659075,0.659075,0.659075,2018-03-04T20:45:11.105Z,buy
332,332.0,332.0,332.0,332.0,333.0,333.0,333.0,333.0,333.0,333.0,,,863.88,863.89,863.9,863.94,863.95,0.020256,19.28665908,0.2339,0.010995,0.02,863.85,863.66,863.24,863.23,863.19,20.64669965,0.01,0.03,1.35313289,0.01,863.89,,863.89,0.659075,0.659075,0.659075,2018-03-04T20:45:11.105Z,buy
333,333.0,333.0,333.0,333.0,334.0,334.0,334.0,334.0,334.0,334.0,,,863.88,863.89,863.9,863.94,863.95,0.020256,19.28665908,0.2339,0.010995,0.02,863.85,863.66,863.24,863.23,863.19,20.15669965,0.01,0.03,0.54213289,0.01,863.86,,863.86,0.2055,0.2055,0.2055,2018-03-04T20:45:24.101Z,sell
334,334.0,334.0,334.0,334.0,335.0,335.0,335.0,335.0,335.0,335.0,,,863.88,863.89,863.9,863.94,863.95,0.020256,19.28665908,0.2339,0.010995,0.02,863.85,863.66,863.24,863.23,863.19,20.15669965,0.01,0.03,0.54213289,0.01,863.86,,863.86,0.2055,0.2055,0.2055,2018-03-04T20:45:24.101Z,sell
335,335.0,335.0,335.0,335.0,336.0,336.0,336.0,336.0,336.0,336.0,,,863.88,863.89,863.9,863.94,863.95,0.020256,19.28665908,0.2339,0.010995,0.02,863.85,863.66,863.24,863.23,863.19,20.15669965,0.01,0.03,0.54213289,0.01,863.86,,863.86,0.2055,0.2055,0.2055,2018-03-04T20:45:24.101Z,sell
336,336.0,336.0,336.0,336.0,337.0,337.0,337.0,337.0,337.0,337.0,,,863.88,863.89,863.9,863.94,863.95,0.020256,19.28665908,0.2339,0.010995,0.02,863.85,863.66,863.24,863.23,863.19,20.15669965,0.01,0.03,0.54213289,0.01,863.86,,863.86,0.2055,0.2055,0.2055,2018-03-04T20:45:24.101Z,sell
337,337.0,337.0,337.0,337.0,338.0,338.0,338.0,338.0,338.0,338.0,,,863.88,863.89,863.94,863.95,863.99,0.020256,19.28665908,0.010995,0.02,0.22581422,863.85,863.66,863.24,863.23,863.19,20.15669965,0.01,0.03,0.54213289,0.01,863.86,,863.86,0.2055,0.2055,0.2055,2018-03-04T20:45:24.101Z,sell
338,338.0,338.0,338.0,338.0,339.0,339.0,339.0,339.0,339.0,339.0,,,863.88,863.89,863.94,863.95,863.99,0.020256,19.28665908,0.010995,0.02,0.22581422,863.85,863.66,863.5,863.24,863.23,20.15669965,0.01,4.633,0.03,0.54213289,863.86,,863.86,0.2055,0.2055,0.2055,2018-03-04T20:45:24.101Z,sell
339,339.0,339.0,339.0,339.0,340.0,340.0,340.0,340.0,340.0,340.0,,,863.88,863.89,863.94,863.95,863.99,0.020256,19.28665908,0.010995,0.02,0.22581422,863.85,863.66,863.5,863.24,863.23,20.15669965,0.01,4.633,0.03,0.54213289,863.86,,863.86,0.2055,0.2055,0.2055,2018-03-04T20:45:24.101Z,sell
340,340.0,340.0,340.0,340.0,341.0,341.0,341.0,341.0,341.0,341.0,,,863.88,863.89,863.93,863.94,863.95,0.020256,19.28665908,0.1,0.010995,0.02,863.85,863.67,863.5,863.24,863.23,20.15669965,0.01,4.633,0.03,0.54213289,863.87,,863.87,2.538478,2.538478,2.538478,2018-03-04T20:45:34.641Z,buy
341,341.0,341.0,341.0,341.0,342.0,342.0,342.0,342.0,342.0,342.0,,,863.88,863.89,863.93,863.94,863.95,0.020256,19.28665908,0.1,0.010995,0.02,863.85,863.67,863.5,863.24,863.23,20.15669965,0.01,4.633,0.03,0.54213289,863.87,,863.87,2.538478,2.538478,2.538478,2018-03-04T20:45:34.641Z,buy
342,342.0,342.0,342.0,342.0,343.0,343.0,343.0,343.0,343.0,343.0,,,863.88,863.89,863.93,863.94,863.95,0.020256,19.28665908,0.1,0.010995,0.02,863.85,863.67,863.5,863.24,863.23,20.15669965,0.01,4.633,0.03,0.54213289,863.87,,863.87,2.538478,2.538478,2.538478,2018-03-04T20:45:34.641Z,buy
343,343.0,343.0,343.0,343.0,344.0,344.0,344.0,344.0,344.0,344.0,,,863.88,863.89,863.93,863.94,863.95,0.020256,19.28665908,0.1,0.010995,0.02,863.85,863.67,863.5,863.24,863.23,20.15669965,0.01,4.633,0.03,0.54213289,863.87,,863.87,2.538478,2.538478,2.538478,2018-03-04T20:45:34.641Z,buy
344,344.0,344.0,344.0,344.0,345.0,345.0,345.0,345.0,345.0,345.0,,,863.88,863.89,863.93,863.94,863.95,0.020256,19.28665908,0.1,0.010995,0.02,863.85,863.67,863.5,863.24,863.23,20.15669965,0.02246251,4.633,0.03,0.54213289,863.87,,863.87,2.538478,2.538478,2.538478,2018-03-04T20:45:34.641Z,buy
345,345.0,345.0,345.0,345.0,346.0,346.0,346.0,346.0,346.0,346.0,,,863.88,863.89,863.93,863.94,863.95,0.020256,19.28665908,0.1,0.010995,0.02,863.85,863.67,863.5,863.24,863.23,20.15669965,0.02246251,4.633,0.03,0.54213289,863.87,,863.87,2.538478,2.538478,2.538478,2018-03-04T20:45:34.641Z,buy
346,346.0,346.0,346.0,346.0,347.0,347.0,347.0,347.0,347.0,347.0,,,863.88,863.89,863.93,863.94,863.95,0.020256,19.28665908,0.1,0.010995,0.02,863.85,863.67,863.5,863.24,863.23,20.15669965,0.02246251,4.633,0.03,0.54213289,863.87,,863.87,2.538478,2.538478,2.538478,2018-03-04T20:45:34.641Z,buy
347,347.0,347.0,347.0,347.0,348.0,348.0,348.0,348.0,348.0,348.0,,,863.88,863.89,863.93,863.94,863.95,0.020256,19.28665908,0.1,0.010995,0.02,863.85,863.67,863.5,863.24,863.23,20.15669965,0.02246251,4.633,0.03,0.54213289,863.87,,863.87,2.538478,2.538478,2.538478,2018-03-04T20:45:34.641Z,buy
348,348.0,348.0,348.0,348.0,349.0,349.0,349.0,349.0,349.0,349.0,,,863.88,863.89,863.93,863.94,863.95,0.020256,19.28665908,0.1,0.010995,0.02,863.85,863.67,863.5,863.24,863.23,20.15669965,0.02246251,4.633,0.03,0.54213289,863.87,,863.87,2.538478,2.538478,2.538478,2018-03-04T20:45:34.641Z,buy
349,349.0,349.0,349.0,349.0,350.0,350.0,350.0,350.0,350.0,350.0,,,863.88,863.89,863.93,863.94,863.95,0.020256,19.28665908,0.1,0.010995,0.02,863.85,863.67,863.5,863.24,863.23,20.15669965,0.02246251,4.633,0.03,0.54213289,863.87,,863.87,2.538478,2.538478,2.538478,2018-03-04T20:45:34.641Z,buy
350,350.0,350.0,350.0,350.0,351.0,351.0,351.0,351.0,351.0,351.0,,,863.88,863.89,863.93,863.94,863.95,0.020256,19.28665908,0.1,0.010995,0.02,863.85,863.67,863.5,863.24,863.23,20.15669965,0.02246251,4.633,0.03,0.54213289,863.87,,863.87,2.538478,2.538478,2.538478,2018-03-04T20:45:34.641Z,buy
351,351.0,351.0,351.0,351.0,352.0,352.0,352.0,352.0,352.0,352.0,,,863.88,863.89,863.9,863.93,863.94,0.020256,19.28665908,0.2339,0.1,0.010995,863.85,863.67,863.5,863.24,863.23,22.73642972,0.02246251,4.633,0.03,0.54213289,863.87,,863.87,2.538478,2.538478,2.538478,2018-03-04T20:45:34.641Z,buy
352,352.0,352.0,352.0,352.0,353.0,353.0,353.0,353.0,353.0,353.0,,,863.88,863.89,863.9,863.93,863.94,0.020256,19.28665908,0.2339,0.1,0.010995,863.85,863.67,863.5,863.24,863.23,22.73642972,0.02246251,4.633,0.03,0.54213289,863.87,,863.87,2.538478,2.538478,2.538478,2018-03-04T20:45:34.641Z,buy
353,353.0,353.0,353.0,353.0,354.0,354.0,354.0,354.0,354.0,354.0,,,863.88,863.89,863.9,863.93,863.94,0.020256,19.28665908,0.2339,0.1,0.010995,863.85,863.67,863.5,863.24,863.23,22.73642972,0.02246251,4.633,0.03,0.54213289,863.87,,863.87,2.538478,2.538478,2.538478,2018-03-04T20:45:34.641Z,buy
354,354.0,354.0,354.0,354.0,355.0,355.0,355.0,355.0,355.0,355.0,,,863.88,863.89,863.9,863.93,863.94,0.020256,19.28665908,0.2339,0.1,0.010995,863.85,863.67,863.5,863.24,863.23,22.73642972,0.01,4.633,0.03,0.54213289,863.87,,863.87,2.538478,2.538478,2.538478,2018-03-04T20:45:34.641Z,buy
355,355.0,355.0,355.0,355.0,356.0,356.0,356.0,356.0,356.0,356.0,,,863.88,863.89,863.9,863.93,863.94,0.020256,19.28665908,0.2339,0.1,0.010995,863.85,863.67,863.5,863.24,863.23,22.73642972,0.01,4.633,0.03,0.54213289,863.87,,863.87,2.538478,2.538478,2.538478,2018-03-04T20:45:34.641Z,buy
